LocalTime,Symbol,Last,Bid1,BidQty1,Ask1,AskQty1
2016-Feb-16 09:30:00.048748,10000528,0.113,0.106,1,0.113,1
2016-Feb-16 09:30:00.048966,10000539,0.043,0.0411,1,0.0431,1
2016-Feb-16 09:30:00.049018,10000540,0.0409,0.0409,1,0.0425,19
2016-Feb-16 09:30:00.547168,10000512,0.0008,0.0006,10,0.002,2
2016-Feb-16 09:30:00.547193,10000527,0.0105,0.0105,2,0.012,3
2016-Feb-16 09:30:00.547405,10000533,0.0227,0.0227,1,0.0235,1
2016-Feb-16 09:30:00.547435,10000540,0.0409,0.0409,1,0.0425,19
2016-Feb-16 09:30:01.070368,10000508,0.0004,0.0003,20,0.0004,10
2016-Feb-16 09:30:01.070489,10000540,0.0409,0.0409,1,0.042,5
2016-Feb-16 09:30:01.070524,10000566,0.0037,0.0028,10,0.0039,3
2016-Feb-16 09:30:01.574582,10000512,0.0008,0.0006,10,0.0019,3
2016-Feb-16 09:30:01.574680,10000539,0.043,0.0411,1,0.0431,1
2016-Feb-16 09:30:01.574760,10000540,0.0409,0.0409,1,0.042,5
2016-Feb-16 09:30:02.589777,10000539,0.043,0.0411,1,0.0431,1
2016-Feb-16 09:30:02.589845,10000566,0.0037,0.0028,10,0.0039,3
2016-Feb-16 09:30:03.087790,10000519,0.0059,0.0059,18,0.009,5
2016-Feb-16 09:30:04.520358,510050,1.96,1.959,532800,1.96,984000
2016-Feb-16 09:30:04.522028,10000519,0.0059,0.0059,18,0.0087,3
2016-Feb-16 09:30:04.522059,10000522,0.2091,0.1788,4,0.2085,1
2016-Feb-16 09:30:04.522120,10000533,0.0227,0.0227,1,0.0235,1
2016-Feb-16 09:30:04.522190,10000539,0.043,0.0411,1,0.0431,1
2016-Feb-16 09:30:04.522248,10000540,0.0409,0.0409,1,0.042,5
2016-Feb-16 09:30:04.522288,10000566,0.0037,0.0028,10,0.0039,3
2016-Feb-16 09:30:05.116550,10000503,0.5111,0.4801,10,0.5825,5
2016-Feb-16 09:30:05.116587,10000550,0.0213,0.015,6,0.0211,3
2016-Feb-16 09:30:05.616643,10000508,0.0004,0.0003,20,0.0005,20
2016-Feb-16 09:30:05.616673,10000520,0.0023,0,0,0.0025,15
2016-Feb-16 09:30:05.616694,10000521,0.1393,0.1377,2,0.163,1
2016-Feb-16 09:30:05.616749,10000540,0.0409,0.0409,1,0.042,5
2016-Feb-16 09:30:06.124782,10000521,0.1393,0.1393,1,0.163,1
2016-Feb-16 09:30:06.620234,10000522,0.2091,0.1789,10,0.2085,1
2016-Feb-16 09:30:06.620254,10000540,0.0409,0.0406,1,0.042,5
2016-Feb-16 09:30:06.620273,10000549,0.0086,0.0076,10,0.0089,3
2016-Feb-16 09:30:07.126796,10000539,0.0431,0.0411,1,0.0432,2
2016-Feb-16 09:30:07.572020,10000513,0.2583,0.2418,10,0.2583,1
2016-Feb-16 09:30:07.572041,10000527,0.012,0.012,3,0.0125,10
2016-Feb-16 09:30:07.572073,10000528,0.113,0.1078,10,0.113,1
2016-Feb-16 09:30:07.572090,10000539,0.0431,0.041,5,0.0432,2
2016-Feb-16 09:30:07.572177,10000540,0.0409,0.0406,1,0.042,5
2016-Feb-16 09:30:07.572263,10000548,0.0691,0.0655,1,0.0706,1
2016-Feb-16 09:30:07.572315,10000550,0.0213,0.0151,10,0.0211,3
2016-Feb-16 09:30:08.079760,10000539,0.0431,0.042,5,0.0432,2
2016-Feb-16 09:30:08.079831,10000549,0.0086,0.0076,10,0.0089,3
2016-Feb-16 09:30:08.574678,10000522,0.2091,0.1789,10,0.2085,1
2016-Feb-16 09:30:08.574694,10000527,0.012,0.012,3,0.0125,10
2016-Feb-16 09:30:08.574733,10000528,0.113,0.1088,1,0.113,1
2016-Feb-16 09:30:08.574818,10000540,0.0409,0.0406,1,0.042,5
2016-Feb-16 09:30:08.574847,10000565,0.1522,0.1525,1,0.1547,10
2016-Feb-16 09:30:09.587622,510050,1.96,1.959,490000,1.96,871700
2016-Feb-16 09:30:09.590170,10000497,0.0004,0.0002,48,0.0004,30
2016-Feb-16 09:30:09.590218,10000498,0.0004,0.0001,40,0.0004,30
2016-Feb-16 09:30:09.590242,10000499,0.0003,0.0001,22,0.0004,60
2016-Feb-16 09:30:09.590266,10000500,0.0003,0.0002,120,0.0004,40
2016-Feb-16 09:30:09.590298,10000501,0.0003,0.0001,44,0.0003,31
2016-Feb-16 09:30:09.590363,10000507,0.0004,0.0004,81,0.0007,10
2016-Feb-16 09:30:09.590399,10000508,0.0004,0.0003,20,0.0005,30
2016-Feb-16 09:30:09.590426,10000511,0.0013,0.0009,12,0.0013,9
2016-Feb-16 09:30:09.590458,10000512,0.0008,0.0006,10,0.0009,10
2016-Feb-16 09:30:09.590506,10000513,0.2583,0.2429,1,0.2583,1
2016-Feb-16 09:30:09.590538,10000520,0.0023,0.002,10,0.0025,15
2016-Feb-16 09:30:09.590580,10000522,0.2091,0.1802,1,0.2085,1
2016-Feb-16 09:30:09.590699,10000527,0.012,0.012,3,0.013,9
2016-Feb-16 09:30:09.590718,10000528,0.113,0.1088,1,0.113,1
2016-Feb-16 09:30:09.590977,10000539,0.0431,0.042,5,0.0432,2
2016-Feb-16 09:30:09.591045,10000540,0.0409,0.0406,1,0.042,5
2016-Feb-16 09:30:09.591177,10000550,0.0213,0.0157,3,0.0211,3
2016-Feb-16 09:30:10.093061,10000500,0.0003,0.0002,130,0.0004,40
2016-Feb-16 09:30:10.093089,10000513,0.2583,0.2429,1,0.2583,1
2016-Feb-16 09:30:10.093118,10000533,0.0227,0.0227,11,0.0234,10
2016-Feb-16 09:30:10.614006,10000520,0.0023,0.002,10,0.0025,15
2016-Feb-16 09:30:10.614248,10000527,0.012,0.012,3,0.0127,3
2016-Feb-16 09:30:10.614290,10000528,0.113,0.1088,1,0.113,1
2016-Feb-16 09:30:10.614367,10000540,0.0409,0.0406,1,0.042,5
2016-Feb-16 09:30:10.614496,10000549,0.0086,0.0076,10,0.0089,3
2016-Feb-16 09:30:11.095817,10000500,0.0003,0.0002,133,0.0004,40
2016-Feb-16 09:30:11.095851,10000511,0.0013,0.0009,12,0.0013,9
2016-Feb-16 09:30:11.095881,10000513,0.2583,0.2429,1,0.2583,1
2016-Feb-16 09:30:11.095926,10000540,0.0409,0.0406,1,0.042,5
2016-Feb-16 09:30:11.095987,10000550,0.0213,0.016,3,0.0211,3
2016-Feb-16 09:30:11.600667,10000511,0.0013,0.0009,12,0.0013,9
2016-Feb-16 09:30:11.600975,10000527,0.012,0.012,3,0.0127,3
2016-Feb-16 09:30:12.103348,10000503,0.5111,0.4801,10,0.5825,5
2016-Feb-16 09:30:12.103440,10000540,0.0409,0.0406,1,0.042,5
2016-Feb-16 09:30:12.103489,10000550,0.0213,0.0164,3,0.0211,3
2016-Feb-16 09:30:12.637897,10000511,0.0013,0.0009,12,0.0013,5
2016-Feb-16 09:30:12.637944,10000520,0.0025,0.002,10,0.0025,7
2016-Feb-16 09:30:12.638155,10000527,0.012,0.012,3,0.0127,3
2016-Feb-16 09:30:12.638191,10000539,0.0431,0.042,5,0.0432,2
2016-Feb-16 09:30:12.638237,10000548,0.0706,0.0655,1,0.0711,10
2016-Feb-16 09:30:12.638292,10000565,0.1547,0.1525,1,0.1547,6
2016-Feb-16 09:30:13.134362,10000511,0.0013,0.0013,4,0.0014,10
2016-Feb-16 09:30:13.134399,10000520,0.0025,0.0025,1,0.0028,1
2016-Feb-16 09:30:13.134911,10000540,0.0406,0.0402,2,0.042,5
2016-Feb-16 09:30:14.591004,510050,1.96,1.959,481000,1.96,849600
2016-Feb-16 09:30:14.593539,10000520,0.0025,0.0025,1,0.0028,1
2016-Feb-16 09:30:14.593608,10000527,0.012,0.0111,10,0.012,7
2016-Feb-16 09:30:14.594660,10000548,0.0706,0.0655,1,0.071,5
2016-Feb-16 09:30:14.696373,10000511,0.0014,0.0009,12,0.0015,10
2016-Feb-16 09:30:14.696396,10000520,0.0028,0.002,10,0.003,1
2016-Feb-16 09:30:14.696412,10000533,0.0227,0.0227,10,0.0234,10
2016-Feb-16 09:30:15.190170,10000511,0.0014,0.0014,1,0.0015,10
2016-Feb-16 09:30:15.190336,10000520,0.0028,0.0028,1,0.003,1
2016-Feb-16 09:30:15.190499,10000540,0.0401,0.0401,4,0.0413,3
2016-Feb-16 09:30:15.190523,10000565,0.1547,0.153,4,0.1547,6
2016-Feb-16 09:30:15.689445,10000497,0.0004,0.0002,48,0.0004,30
2016-Feb-16 09:30:15.689461,10000498,0.0004,0.0001,42,0.0004,30
2016-Feb-16 09:30:15.689477,10000499,0.0003,0.0001,24,0.0004,60
2016-Feb-16 09:30:15.689492,10000500,0.0003,0.0002,133,0.0004,40
2016-Feb-16 09:30:15.689521,10000501,0.0003,0.0001,46,0.0003,31
2016-Feb-16 09:30:15.690000,10000502,0.4596,0.3911,2,0.4682,1
2016-Feb-16 09:30:15.690035,10000503,0.5111,0.4802,2,0.5825,5
2016-Feb-16 09:30:15.690064,10000507,0.0004,0.0004,81,0.0007,10
2016-Feb-16 09:30:15.690090,10000508,0.0004,0.0003,20,0.0005,30
2016-Feb-16 09:30:15.690122,10000509,0.3598,0.2912,2,0.4332,1
2016-Feb-16 09:30:15.690139,10000510,0.4126,0.3573,2,0.483,1
2016-Feb-16 09:30:15.690155,10000511,0.0014,0.0014,1,0.0015,10
2016-Feb-16 09:30:15.690185,10000512,0.0008,0.0006,10,0.0009,10
2016-Feb-16 09:30:15.690200,10000513,0.2583,0.243,2,0.2582,2
2016-Feb-16 09:30:15.690216,10000514,0.3099,0.2508,2,0.383,1
2016-Feb-16 09:30:15.690232,10000519,0.0059,0.006,2,0.0086,4
2016-Feb-16 09:30:15.690252,10000520,0.0028,0.0028,3,0.003,1
2016-Feb-16 09:30:15.690271,10000522,0.2091,0.1803,2,0.2084,2
2016-Feb-16 09:30:15.690287,10000527,0.012,0.0112,4,0.012,7
2016-Feb-16 09:30:15.690303,10000528,0.113,0.1088,1,0.1129,2
2016-Feb-16 09:30:15.690320,10000548,0.0706,0.0656,4,0.071,5
2016-Feb-16 09:30:15.690342,10000549,0.0086,0.0076,10,0.0088,4
2016-Feb-16 09:30:15.690370,10000550,0.0213,0.0165,4,0.021,4
2016-Feb-16 09:30:15.690387,10000565,0.1547,0.153,6,0.1547,6
2016-Feb-16 09:30:15.690410,10000566,0.0037,0.0028,10,0.0038,4
2016-Feb-16 09:30:16.194705,10000497,0.0004,0.0002,48,0.0004,30
2016-Feb-16 09:30:16.194735,10000498,0.0004,0.0001,44,0.0004,30
2016-Feb-16 09:30:16.194791,10000499,0.0003,0.0001,26,0.0004,60
2016-Feb-16 09:30:16.194872,10000500,0.0003,0.0002,133,0.0004,40
2016-Feb-16 09:30:16.194895,10000501,0.0003,0.0001,48,0.0003,31
2016-Feb-16 09:30:16.195244,10000502,0.4596,0.3911,4,0.4682,1
2016-Feb-16 09:30:16.195268,10000503,0.5111,0.4802,4,0.5825,5
2016-Feb-16 09:30:16.195283,10000507,0.0004,0.0004,81,0.0007,10
2016-Feb-16 09:30:16.195300,10000508,0.0004,0.0003,20,0.0005,30
2016-Feb-16 09:30:16.195345,10000509,0.3598,0.2912,4,0.4332,1
2016-Feb-16 09:30:16.195381,10000510,0.4126,0.3573,4,0.483,1
2016-Feb-16 09:30:16.195434,10000511,0.0014,0.0014,1,0.0015,10
2016-Feb-16 09:30:16.195455,10000512,0.0008,0.0006,10,0.0009,10
2016-Feb-16 09:30:16.195500,10000513,0.2583,0.243,2,0.2582,4
2016-Feb-16 09:30:16.195525,10000514,0.3099,0.2508,4,0.383,1
2016-Feb-16 09:30:16.195552,10000519,0.0059,0.006,4,0.0086,9
2016-Feb-16 09:30:16.195573,10000520,0.0028,0.0028,5,0.003,1
2016-Feb-16 09:30:16.195609,10000528,0.113,0.1088,1,0.1128,10
2016-Feb-16 09:30:16.195629,10000539,0.042,0.041,5,0.0432,2
2016-Feb-16 09:30:16.195667,10000540,0.0401,0.0401,4,0.0413,3
2016-Feb-16 09:30:16.195685,10000565,0.1547,0.153,6,0.1547,6
2016-Feb-16 09:30:16.669672,10000509,0.3598,0.2924,1,0.4332,1
2016-Feb-16 09:30:16.669710,10000510,0.4126,0.3585,1,0.483,1
2016-Feb-16 09:30:16.669758,10000514,0.3099,0.2508,4,0.383,1
2016-Feb-16 09:30:16.669795,10000520,0.0028,0.0028,1,0.003,1
2016-Feb-16 09:30:16.669922,10000527,0.012,0.0112,4,0.012,7
2016-Feb-16 09:30:16.670150,10000528,0.113,0.1088,1,0.1121,1
2016-Feb-16 09:30:16.670198,10000548,0.0706,0.0668,1,0.071,5
2016-Feb-16 09:30:16.670766,10000550,0.0213,0.0165,4,0.0208,3
2016-Feb-16 09:30:17.201808,10000511,0.0014,0.0013,4,0.0015,10
2016-Feb-16 09:30:17.201992,10000520,0.0028,0.002,10,0.003,1
2016-Feb-16 09:30:17.202036,10000539,0.042,0.041,5,0.042,10
2016-Feb-16 09:30:17.202064,10000540,0.0401,0.0401,4,0.0413,4
2016-Feb-16 09:30:17.740351,10000513,0.2583,0.2442,1,0.2582,4
2016-Feb-16 09:30:17.740391,10000514,0.3099,0.252,1,0.383,1
2016-Feb-16 09:30:17.740450,10000519,0.0059,0.006,4,0.0084,3
2016-Feb-16 09:30:17.740501,10000522,0.2091,0.1816,1,0.2084,2
2016-Feb-16 09:30:17.740829,10000528,0.113,0.1088,1,0.1121,1
2016-Feb-16 09:30:17.740855,10000539,0.042,0.041,6,0.042,10
2016-Feb-16 09:30:17.740907,10000540,0.0401,0.0401,4,0.0413,4
2016-Feb-16 09:30:17.740965,10000565,0.1547,0.153,4,0.1547,6
2016-Feb-16 09:30:18.218747,10000511,0.0014,0.0013,4,0.0015,10
2016-Feb-16 09:30:18.218820,10000519,0.0059,0.006,4,0.0084,3
2016-Feb-16 09:30:18.218858,10000520,0.0028,0.002,10,0.003,1
2016-Feb-16 09:30:18.218876,10000547,0.1057,0.1059,2,0.1191,1
2016-Feb-16 09:30:18.218895,10000565,0.1547,0.153,4,0.1557,1
2016-Feb-16 09:30:18.719619,10000519,0.0059,0.006,14,0.0084,3
2016-Feb-16 09:30:18.719654,10000527,0.012,0.0112,4,0.012,2
2016-Feb-16 09:30:18.719695,10000547,0.1057,0.1059,2,0.119,10
2016-Feb-16 09:30:18.719745,10000548,0.0706,0.0668,1,0.071,5
2016-Feb-16 09:30:18.719882,10000550,0.0213,0.0171,3,0.0208,3
2016-Feb-16 09:30:19.560765,510050,1.959,1.959,592000,1.96,839600
2016-Feb-16 09:30:19.675857,10000539,0.042,0.041,6,0.042,10
2016-Feb-16 09:30:19.675873,10000547,0.1057,0.1072,1,0.119,10
2016-Feb-16 09:30:19.675901,10000550,0.0213,0.0171,3,0.0208,3
2016-Feb-16 09:30:19.675987,10000565,0.1547,0.1547,10,0.1557,1
2016-Feb-16 09:30:20.175942,10000508,0.0004,0.0003,20,0.0005,30
2016-Feb-16 09:30:20.681223,10000520,0.0028,0.002,10,0.003,1
2016-Feb-16 09:30:20.681342,10000547,0.1057,0.1072,1,0.1183,1
2016-Feb-16 09:30:20.681410,10000550,0.0213,0.0171,3,0.0208,3
2016-Feb-16 09:30:20.681487,10000565,0.1547,0.1547,10,0.1557,1
2016-Feb-16 09:30:21.181573,10000539,0.041,0.0409,10,0.041,4
2016-Feb-16 09:30:21.181594,10000547,0.1057,0.1072,1,0.1183,1
2016-Feb-16 09:30:21.660755,10000539,0.041,0.0409,10,0.042,10
2016-Feb-16 09:30:21.660823,10000547,0.1057,0.1072,1,0.1182,10
2016-Feb-16 09:30:22.588168,10000539,0.041,0.0409,10,0.042,10
2016-Feb-16 09:30:22.588219,10000547,0.1057,0.1072,1,0.1175,1
2016-Feb-16 09:30:22.588370,10000565,0.1547,0.1547,10,0.1557,1
2016-Feb-16 09:30:23.104137,10000539,0.0409,0.0409,2,0.042,10
2016-Feb-16 09:30:23.604352,10000520,0.0028,0.002,10,0.003,11
2016-Feb-16 09:30:23.604389,10000539,0.0409,0.0409,2,0.042,10
2016-Feb-16 09:30:23.604410,10000549,0.0086,0.0076,10,0.008,10
2016-Feb-16 09:30:24.641089,510050,1.959,1.959,574100,1.96,839400
2016-Feb-16 09:30:24.642962,10000540,0.0401,0.0401,6,0.0413,4
2016-Feb-16 09:30:24.643080,10000547,0.1057,0.1072,1,0.1174,10
2016-Feb-16 09:30:24.643114,10000549,0.0086,0.0076,10,0.008,10
2016-Feb-16 09:30:24.643177,10000565,0.1547,0.1547,10,0.1557,1
2016-Feb-16 09:30:25.630307,10000511,0.0014,0.0013,4,0.0015,10
2016-Feb-16 09:30:25.630339,10000548,0.0706,0.0668,1,0.0709,10
2016-Feb-16 09:30:26.138024,10000519,0.0059,0.006,14,0.0083,5
2016-Feb-16 09:30:26.138042,10000539,0.0409,0.0409,2,0.042,11
2016-Feb-16 09:30:26.138067,10000540,0.0401,0.0401,6,0.0413,3
2016-Feb-16 09:30:26.643627,10000522,0.2091,0.1816,1,0.2084,2
2016-Feb-16 09:30:26.643680,10000540,0.0401,0.0387,10,0.039,24
2016-Feb-16 09:30:26.643775,10000548,0.0706,0.0668,4,0.0709,10
2016-Feb-16 09:30:26.643912,10000549,0.0086,0.0076,10,0.008,10
2016-Feb-16 09:30:27.153717,10000519,0.0059,0.006,4,0.0083,5
2016-Feb-16 09:30:27.153737,10000540,0.039,0.0387,10,0.039,59
2016-Feb-16 09:30:27.153754,10000549,0.0086,0.0076,10,0.008,10
2016-Feb-16 09:30:27.700856,10000509,0.3598,0.295,6,0.4332,1
2016-Feb-16 09:30:27.700937,10000527,0.012,0.0112,4,0.012,12
2016-Feb-16 09:30:27.700958,10000528,0.113,0.1078,10,0.1121,1
2016-Feb-16 09:30:27.700975,10000534,0.0739,0.0692,1,0.0738,3
2016-Feb-16 09:30:27.700993,10000540,0.039,0.0387,10,0.039,49
2016-Feb-16 09:30:28.174716,10000508,0.0004,0.0003,20,0.0005,30
2016-Feb-16 09:30:28.174752,10000534,0.0739,0.0692,1,0.0738,3
2016-Feb-16 09:30:28.174783,10000540,0.039,0.0353,5,0.039,59
2016-Feb-16 09:30:28.174801,10000548,0.0706,0.0668,4,0.0709,15
2016-Feb-16 09:30:28.692732,10000522,0.2091,0.1817,10,0.2084,2
2016-Feb-16 09:30:28.692765,10000528,0.113,0.1078,10,0.1121,1
2016-Feb-16 09:30:28.692781,10000540,0.039,0.0353,5,0.039,69
2016-Feb-16 09:30:28.692827,10000566,0.0028,0.0024,10,0.0038,4
2016-Feb-16 09:30:29.631013,510050,1.96,1.959,454900,1.96,844500
2016-Feb-16 09:30:29.632792,10000508,0.0004,0.0003,20,0.0005,30
2016-Feb-16 09:30:29.632830,10000511,0.0014,0.0013,4,0.0015,10
2016-Feb-16 09:30:29.632920,10000533,0.0234,0.0234,1,0.0235,1
2016-Feb-16 09:30:29.632952,10000534,0.0739,0.0692,1,0.0738,3
2016-Feb-16 09:30:29.633038,10000539,0.0409,0.0408,10,0.0409,2
2016-Feb-16 09:30:29.633084,10000540,0.039,0.0356,2,0.039,63
2016-Feb-16 09:30:29.633153,10000548,0.0709,0.0668,4,0.0709,11
2016-Feb-16 09:30:29.633206,10000550,0.0213,0.0175,3,0.0208,3
2016-Feb-16 09:30:29.633259,10000566,0.0028,0.0024,10,0.0038,4
2016-Feb-16 09:30:30.121464,10000512,0.0008,0.0006,10,0.0009,10
2016-Feb-16 09:30:30.121490,10000521,0.1393,0.1393,2,0.163,1
2016-Feb-16 09:30:30.121507,10000528,0.113,0.1078,10,0.1121,1
2016-Feb-16 09:30:30.121716,10000533,0.0234,0.0234,11,0.0235,1
2016-Feb-16 09:30:30.121740,10000539,0.0409,0.0408,10,0.042,11
2016-Feb-16 09:30:30.121767,10000565,0.1547,0.1547,10,0.1557,1
2016-Feb-16 09:30:30.632796,10000519,0.0059,0.006,4,0.0083,5
2016-Feb-16 09:30:30.632945,10000533,0.0234,0.0234,11,0.0235,1
2016-Feb-16 09:30:30.632961,10000534,0.0739,0.0692,1,0.0738,3
2016-Feb-16 09:30:30.632993,10000539,0.042,0.0408,10,0.042,4
2016-Feb-16 09:30:30.633016,10000540,0.039,0.0356,2,0.039,73
2016-Feb-16 09:30:31.117399,10000566,0.0028,0.0024,10,0.0038,4
2016-Feb-16 09:30:31.627412,10000533,0.0255,0.0234,10,0.0247,10
2016-Feb-16 09:30:31.627435,10000534,0.058,0.058,2,0.0738,3
2016-Feb-16 09:30:31.627494,10000539,0.042,0.0408,10,0.042,1
2016-Feb-16 09:30:31.627528,10000540,0.039,0.0356,2,0.039,67
2016-Feb-16 09:30:31.627595,10000548,0.0721,0.0709,3,0.072,10
2016-Feb-16 09:30:31.627644,10000549,0.0086,0.0076,10,0.008,10
2016-Feb-16 09:30:31.627666,10000550,0.0159,0.0157,3,0.0208,3
2016-Feb-16 09:30:31.627712,10000566,0.0028,0.0024,10,0.0037,3
2016-Feb-16 09:30:32.140173,10000539,0.042,0.0408,10,0.042,1
2016-Feb-16 09:30:32.648706,10000534,0.058,0.058,2,0.0738,1
2016-Feb-16 09:30:32.648760,10000539,0.042,0.0408,11,0.042,1
2016-Feb-16 09:30:32.648797,10000548,0.0721,0.0709,3,0.072,10
2016-Feb-16 09:30:33.172044,10000527,0.012,0.0112,6,0.012,12
2016-Feb-16 09:30:33.172071,10000533,0.0255,0.0234,10,0.0255,1
2016-Feb-16 09:30:33.172121,10000534,0.058,0.058,2,0.0738,1
2016-Feb-16 09:30:33.172850,10000566,0.0028,0.0024,10,0.0037,3
2016-Feb-16 09:30:33.658302,10000508,0.0004,0.0003,20,0.0005,30
2016-Feb-16 09:30:33.658353,10000539,0.042,0.0409,10,0.043,4
2016-Feb-16 09:30:33.658370,10000540,0.039,0.0356,2,0.039,66
2016-Feb-16 09:30:33.658383,10000548,0.0721,0.0668,4,0.072,10
2016-Feb-16 09:30:33.658442,10000565,0.1557,0.1547,10,0.1563,6
2016-Feb-16 09:30:34.698456,510050,1.959,1.958,66300,1.959,1847850
2016-Feb-16 09:30:34.699017,10000511,0.0014,0.0013,4,0.0015,10
2016-Feb-16 09:30:34.699098,10000533,0.0255,0.0234,10,0.0255,1
2016-Feb-16 09:30:34.699123,10000539,0.042,0.042,1,0.043,4
2016-Feb-16 09:30:34.699247,10000540,0.039,0.0356,2,0.039,64
2016-Feb-16 09:30:34.699320,10000565,0.1557,0.1557,1,0.1562,10
2016-Feb-16 09:30:34.699376,10000566,0.0028,0.0024,10,0.0037,3
2016-Feb-16 09:30:35.210778,10000547,0.1057,0.1072,1,0.1175,11
2016-Feb-16 09:30:35.210834,10000548,0.0721,0.0668,4,0.0745,10
2016-Feb-16 09:30:35.210933,10000565,0.1557,0.1557,1,0.1563,6
2016-Feb-16 09:30:35.707840,10000505,0.6109,0.533,1,0.675,5
2016-Feb-16 09:30:35.708005,10000514,0.3099,0.253,1,0.383,1
2016-Feb-16 09:30:35.708046,10000547,0.1057,0.1072,1,0.1174,10
2016-Feb-16 09:30:35.708093,10000548,0.0721,0.0668,4,0.0744,10
2016-Feb-16 09:30:35.708171,10000565,0.1557,0.1557,1,0.1563,6
2016-Feb-16 09:30:36.197668,10000520,0.0028,0.002,10,0.003,11
2016-Feb-16 09:30:36.197744,10000539,0.042,0.0409,10,0.043,4
2016-Feb-16 09:30:36.197795,10000547,0.1057,0.1072,1,0.117,4
2016-Feb-16 09:30:36.197810,10000549,0.0086,0.0076,16,0.008,10
2016-Feb-16 09:30:36.197828,10000550,0.0159,0.0158,6,0.0208,3
2016-Feb-16 09:30:36.197889,10000565,0.1563,0.1547,10,0.1562,16
2016-Feb-16 09:30:36.197978,10000566,0.0028,0.0024,16,0.0036,6
2016-Feb-16 09:30:36.695071,10000502,0.4596,0.3912,6,0.4682,1
2016-Feb-16 09:30:36.695133,10000503,0.5111,0.4803,6,0.5824,6
2016-Feb-16 09:30:36.695167,10000504,0.56,0.4828,6,0.6251,6
2016-Feb-16 09:30:36.695185,10000506,0.6594,0.5827,6,0.725,5
2016-Feb-16 09:30:36.695216,10000509,0.3598,0.295,6,0.4331,6
2016-Feb-16 09:30:36.695234,10000510,0.4126,0.3586,6,0.4829,6
2016-Feb-16 09:30:36.695251,10000511,0.0014,0.0013,4,0.0015,10
2016-Feb-16 09:30:36.695315,10000513,0.2583,0.2442,7,0.2581,6
2016-Feb-16 09:30:36.695777,10000514,0.3099,0.253,1,0.383,1
2016-Feb-16 09:30:36.695807,10000519,0.0059,0.006,4,0.0083,5
2016-Feb-16 09:30:36.695867,10000520,0.0028,0.0021,6,0.003,11
2016-Feb-16 09:30:36.695897,10000521,0.1393,0.1394,6,0.1629,6
2016-Feb-16 09:30:36.695925,10000522,0.2091,0.1818,6,0.2084,2
2016-Feb-16 09:30:36.695942,10000539,0.042,0.0409,10,0.0429,6
2016-Feb-16 09:30:36.695959,10000540,0.039,0.0357,6,0.039,62
2016-Feb-16 09:30:36.695975,10000547,0.1057,0.1072,1,0.1169,10
2016-Feb-16 09:30:36.695990,10000548,0.0721,0.0669,6,0.0708,10
2016-Feb-16 09:30:36.696006,10000549,0.0086,0.0077,6,0.008,10
2016-Feb-16 09:30:36.696029,10000550,0.0159,0.0158,6,0.0208,3
2016-Feb-16 09:30:36.696070,10000565,0.1563,0.1547,10,0.1562,6
2016-Feb-16 09:30:36.696087,10000566,0.0028,0.0025,6,0.0036,6
2016-Feb-16 09:30:37.211521,10000513,0.2583,0.2443,6,0.2581,6
2016-Feb-16 09:30:37.211597,10000514,0.3099,0.253,1,0.383,1
2016-Feb-16 09:30:37.211655,10000519,0.0059,0.006,4,0.0083,5
2016-Feb-16 09:30:37.211677,10000520,0.0028,0.0021,6,0.003,11
2016-Feb-16 09:30:37.211706,10000521,0.1393,0.1394,6,0.1629,6
2016-Feb-16 09:30:37.211724,10000522,0.2091,0.1818,6,0.2083,6
2016-Feb-16 09:30:37.211751,10000527,0.012,0.0112,6,0.0119,6
2016-Feb-16 09:30:37.211773,10000528,0.113,0.1079,6,0.1121,1
2016-Feb-16 09:30:37.212146,10000533,0.0255,0.0234,10,0.0254,6
2016-Feb-16 09:30:37.212168,10000534,0.058,0.0581,6,0.0738,1
2016-Feb-16 09:30:37.212195,10000539,0.042,0.0409,10,0.0429,6
2016-Feb-16 09:30:37.212210,10000540,0.039,0.0358,8,0.039,52
2016-Feb-16 09:30:37.212248,10000547,0.1057,0.1072,1,0.1169,10
2016-Feb-16 09:30:37.212267,10000548,0.0708,0.0669,6,0.0708,2
2016-Feb-16 09:30:37.753885,10000514,0.3099,0.2531,6,0.383,1
2016-Feb-16 09:30:37.753985,10000540,0.039,0.037,2,0.039,51
2016-Feb-16 09:30:37.754030,10000547,0.1057,0.1072,1,0.1169,16
2016-Feb-16 09:30:37.754066,10000548,0.0707,0.0669,6,0.0707,5
2016-Feb-16 09:30:37.754104,10000565,0.1563,0.1547,10,0.1563,3
2016-Feb-16 09:30:38.152041,10000508,0.0004,0.0003,20,0.0005,40
2016-Feb-16 09:30:38.152094,10000527,0.012,0.0112,6,0.0119,6
2016-Feb-16 09:30:38.152181,10000540,0.039,0.037,2,0.039,46
2016-Feb-16 09:30:38.152211,10000548,0.0707,0.0669,6,0.0707,1
2016-Feb-16 09:30:38.152252,10000565,0.1563,0.1547,10,0.1561,6
2016-Feb-16 09:30:38.654308,10000540,0.039,0.0371,6,0.039,34
2016-Feb-16 09:30:38.654374,10000548,0.0707,0.0669,6,0.0708,2
2016-Feb-16 09:30:39.675425,510050,1.959,1.958,66300,1.959,1747850
2016-Feb-16 09:30:39.678473,10000511,0.0014,0.0013,4,0.0015,10
2016-Feb-16 09:30:39.678526,10000519,0.0059,0.006,4,0.0083,5
2016-Feb-16 09:30:39.678566,10000527,0.012,0.0112,6,0.0119,6
2016-Feb-16 09:30:39.678613,10000539,0.042,0.0409,10,0.0429,6
2016-Feb-16 09:30:39.678683,10000540,0.039,0.0371,6,0.039,28
2016-Feb-16 09:30:39.678810,10000548,0.0707,0.0669,6,0.0707,5
2016-Feb-16 09:30:40.181547,10000539,0.042,0.041,5,0.0429,6
2016-Feb-16 09:30:40.181636,10000548,0.0707,0.0669,6,0.0707,5
2016-Feb-16 09:30:40.681350,10000539,0.042,0.041,6,0.0429,6
2016-Feb-16 09:30:40.681372,10000540,0.039,0.0371,6,0.039,22
2016-Feb-16 09:30:40.681386,10000548,0.0707,0.0669,6,0.0707,5
2016-Feb-16 09:30:41.169158,10000521,0.1393,0.14,7,0.1629,6
2016-Feb-16 09:30:41.169197,10000548,0.0708,0.0669,6,0.0717,1
2016-Feb-16 09:30:41.169223,10000565,0.1563,0.1557,1,0.1561,6
2016-Feb-16 09:30:41.679187,10000521,0.1393,0.14,7,0.162,1
2016-Feb-16 09:30:41.679221,10000540,0.039,0.0371,6,0.039,12
2016-Feb-16 09:30:41.679272,10000548,0.0708,0.0683,1,0.0707,6
2016-Feb-16 09:30:41.679295,10000565,0.1563,0.1557,1,0.156,10
2016-Feb-16 09:30:42.172619,10000521,0.1393,0.1401,6,0.162,1
2016-Feb-16 09:30:42.172681,10000548,0.0708,0.0683,1,0.0707,6
2016-Feb-16 09:30:42.720254,10000521,0.1393,0.1401,6,0.1619,6
2016-Feb-16 09:30:42.720352,10000540,0.039,0.0371,6,0.039,11
2016-Feb-16 09:30:42.720399,10000548,0.0708,0.0683,1,0.0708,6
2016-Feb-16 09:30:42.720482,10000550,0.0159,0.016,3,0.0208,3
2016-Feb-16 09:30:43.218915,10000519,0.0059,0.006,4,0.0081,5
2016-Feb-16 09:30:43.219016,10000534,0.058,0.0581,6,0.072,9
2016-Feb-16 09:30:43.219088,10000540,0.0371,0.0371,3,0.039,11
2016-Feb-16 09:30:43.219133,10000548,0.0708,0.0683,1,0.0718,6
2016-Feb-16 09:30:43.219186,10000550,0.0159,0.0161,6,0.0208,3
2016-Feb-16 09:30:43.726157,10000521,0.1393,0.1401,6,0.161,1
2016-Feb-16 09:30:43.726207,10000527,0.012,0.0112,6,0.0119,6
2016-Feb-16 09:30:43.726252,10000540,0.0371,0.0371,3,0.039,11
2016-Feb-16 09:30:43.726284,10000547,0.1057,0.1072,1,0.1169,10
2016-Feb-16 09:30:43.726302,10000548,0.0708,0.0683,1,0.0745,10
2016-Feb-16 09:30:43.726336,10000550,0.0159,0.0161,6,0.0208,3
2016-Feb-16 09:30:43.726752,10000566,0.0028,0.0025,6,0.0037,3
2016-Feb-16 09:30:44.746451,510050,1.957,1.957,642237,1.959,1606550
2016-Feb-16 09:30:44.748143,10000511,0.0014,0.001,50,0.0015,10
2016-Feb-16 09:30:44.748171,10000519,0.0059,0.006,4,0.0081,5
2016-Feb-16 09:30:44.748200,10000521,0.1393,0.1401,6,0.1609,6
2016-Feb-16 09:30:44.748222,10000527,0.012,0.0112,6,0.0119,6
2016-Feb-16 09:30:44.748278,10000533,0.0234,0.0232,10,0.0254,6
2016-Feb-16 09:30:44.748306,10000534,0.0715,0.0581,6,0.072,9
2016-Feb-16 09:30:44.748356,10000539,0.042,0.041,6,0.0425,5
2016-Feb-16 09:30:44.748408,10000540,0.039,0.0371,3,0.0397,10
2016-Feb-16 09:30:44.748478,10000547,0.1057,0.1072,1,0.1168,6
2016-Feb-16 09:30:44.748500,10000548,0.0708,0.0683,1,0.0717,6
2016-Feb-16 09:30:44.748548,10000549,0.008,0.0077,6,0.0088,4
2016-Feb-16 09:30:44.748579,10000550,0.0159,0.0161,6,0.0208,3
2016-Feb-16 09:30:44.748675,10000566,0.0028,0.0025,6,0.0037,9
2016-Feb-16 09:30:45.240260,10000514,0.3099,0.252,1,0.383,1
2016-Feb-16 09:30:45.240309,10000534,0.0715,0.0581,6,0.0714,1
2016-Feb-16 09:30:45.240335,10000539,0.042,0.041,6,0.0424,6
2016-Feb-16 09:30:45.240365,10000547,0.1057,0.1072,1,0.1167,10
2016-Feb-16 09:30:45.240383,10000548,0.0708,0.0683,1,0.0716,6
2016-Feb-16 09:30:45.757850,10000514,0.3099,0.2532,6,0.383,1
2016-Feb-16 09:30:45.757883,10000521,0.1393,0.1401,6,0.16,1
2016-Feb-16 09:30:45.757932,10000534,0.0714,0.0581,6,0.072,9
2016-Feb-16 09:30:45.757955,10000540,0.039,0.0372,10,0.0413,3
2016-Feb-16 09:30:45.757989,10000549,0.008,0.0077,6,0.0088,7
2016-Feb-16 09:30:45.758098,10000566,0.0028,0.0025,6,0.0037,9
2016-Feb-16 09:30:46.264144,10000507,0.0004,0.0004,81,0.0007,10
2016-Feb-16 09:30:46.264174,10000509,0.3598,0.2951,4,0.4331,6
2016-Feb-16 09:30:46.264194,10000510,0.4126,0.3587,4,0.4829,6
2016-Feb-16 09:30:46.264230,10000511,0.0014,0.0011,4,0.0015,10
2016-Feb-16 09:30:46.264277,10000512,0.0008,0.0006,10,0.0009,10
2016-Feb-16 09:30:46.264343,10000513,0.2583,0.2444,2,0.2581,6
2016-Feb-16 09:30:46.264387,10000514,0.3099,0.2533,4,0.383,1
2016-Feb-16 09:30:46.264424,10000519,0.0059,0.006,4,0.008,4
2016-Feb-16 09:30:46.264456,10000520,0.0028,0.0022,4,0.003,11
2016-Feb-16 09:30:46.264486,10000521,0.1393,0.1401,6,0.16,1
2016-Feb-16 09:30:46.264528,10000522,0.2091,0.1819,2,0.2083,6
2016-Feb-16 09:30:46.264560,10000527,0.012,0.0112,6,0.0119,6
2016-Feb-16 09:30:46.264711,10000528,0.113,0.1079,6,0.112,2
2016-Feb-16 09:30:46.264756,10000533,0.0234,0.0232,10,0.0253,4
2016-Feb-16 09:30:46.264796,10000534,0.0714,0.0582,4,0.0713,1
2016-Feb-16 09:30:46.264832,10000539,0.042,0.0411,4,0.0424,6
2016-Feb-16 09:30:46.264871,10000540,0.039,0.0373,4,0.0412,4
2016-Feb-16 09:30:46.264885,10000548,0.0708,0.0684,4,0.0716,6
2016-Feb-16 09:30:46.264936,10000549,0.008,0.0077,6,0.0088,7
2016-Feb-16 09:30:46.264963,10000550,0.0159,0.0162,4,0.0207,4
2016-Feb-16 09:30:46.265011,10000566,0.0028,0.0025,6,0.0036,4
2016-Feb-16 09:30:46.743758,10000520,0.0028,0.0022,4,0.003,11
2016-Feb-16 09:30:46.743897,10000521,0.1393,0.1401,6,0.16,1
2016-Feb-16 09:30:46.743920,10000534,0.0713,0.0582,4,0.072,9
2016-Feb-16 09:30:46.744103,10000540,0.039,0.0373,10,0.0412,4
2016-Feb-16 09:30:47.251819,10000513,0.2583,0.2444,2,0.2581,6
2016-Feb-16 09:30:47.251840,10000520,0.0028,0.0022,10,0.003,11
2016-Feb-16 09:30:47.251887,10000533,0.0234,0.0227,10,0.0252,6
2016-Feb-16 09:30:47.251917,10000534,0.0713,0.0583,6,0.072,9
2016-Feb-16 09:30:47.251995,10000539,0.042,0.0411,4,0.0424,6
2016-Feb-16 09:30:47.252140,10000540,0.039,0.0373,4,0.0407,2
2016-Feb-16 09:30:47.252431,10000550,0.0159,0.0163,6,0.0207,4
2016-Feb-16 09:30:47.794269,10000528,0.113,0.1079,6,0.1112,1
2016-Feb-16 09:30:47.794313,10000540,0.039,0.0374,6,0.0407,2
2016-Feb-16 09:30:47.794369,10000548,0.0708,0.0684,4,0.0717,6
2016-Feb-16 09:30:47.794404,10000550,0.0159,0.0166,3,0.0207,4
2016-Feb-16 09:30:48.297785,10000540,0.039,0.0374,6,0.0407,2
2016-Feb-16 09:30:48.297818,10000548,0.0708,0.0684,4,0.0716,6
2016-Feb-16 09:30:48.297837,10000549,0.008,0.0077,6,0.0088,7
2016-Feb-16 09:30:48.297856,10000565,0.1557,0.1547,10,0.156,10
2016-Feb-16 09:30:48.804683,10000527,0.0112,0.0111,3,0.0112,4
2016-Feb-16 09:30:48.804716,10000533,0.0234,0.0227,10,0.0252,6
2016-Feb-16 09:30:48.804745,10000534,0.0713,0.0596,1,0.072,9
2016-Feb-16 09:30:48.804785,10000550,0.0159,0.0167,6,0.0207,4
2016-Feb-16 09:30:49.732882,510050,1.959,1.957,641337,1.959,1646550
2016-Feb-16 09:30:49.735355,10000512,0.0008,0.0006,10,0.0009,10
2016-Feb-16 09:30:49.735451,10000527,0.0112,0.0111,3,0.0112,4
2016-Feb-16 09:30:49.735497,10000534,0.0713,0.0597,6,0.072,9
2016-Feb-16 09:30:49.735520,10000539,0.042,0.041,6,0.0424,6
2016-Feb-16 09:30:49.735561,10000540,0.039,0.0374,6,0.0407,2
2016-Feb-16 09:30:50.225870,10000527,0.0112,0.0111,3,0.0112,4
2016-Feb-16 09:30:50.225915,10000533,0.0234,0.0227,10,0.0247,2
2016-Feb-16 09:30:50.225936,10000540,0.0407,0.0374,6,0.0407,2
2016-Feb-16 09:30:50.225966,10000550,0.0159,0.0175,3,0.0207,4
2016-Feb-16 09:30:50.732113,10000497,0.0004,0.0002,48,0.0004,30
2016-Feb-16 09:30:50.732178,10000520,0.0028,0.0022,4,0.003,11
2016-Feb-16 09:30:50.732244,10000521,0.1393,0.1401,16,0.16,1
2016-Feb-16 09:30:50.732282,10000527,0.0112,0.0111,3,0.0112,4
2016-Feb-16 09:30:50.732413,10000533,0.0234,0.0227,20,0.0247,2
2016-Feb-16 09:30:50.732460,10000534,0.0713,0.0597,6,0.072,9
2016-Feb-16 09:30:50.732847,10000539,0.042,0.041,6,0.0425,5
2016-Feb-16 09:30:50.732869,10000540,0.0407,0.0374,6,0.0407,2
2016-Feb-16 09:30:50.732883,10000548,0.0716,0.0684,4,0.0719,5
2016-Feb-16 09:30:50.732903,10000549,0.008,0.0077,6,0.0088,7
2016-Feb-16 09:30:50.732931,10000566,0.0028,0.0025,6,0.0036,4
2016-Feb-16 09:30:51.246700,10000520,0.0028,0.0022,4,0.003,12
2016-Feb-16 09:30:51.246798,10000521,0.1393,0.1401,10,0.1599,6
2016-Feb-16 09:30:51.246840,10000527,0.0112,0.0111,3,0.0112,4
2016-Feb-16 09:30:51.246874,10000533,0.0234,0.0227,20,0.0247,2
2016-Feb-16 09:30:51.246982,10000539,0.0424,0.041,6,0.042,5
2016-Feb-16 09:30:51.247016,10000540,0.0407,0.0377,2,0.0407,2
2016-Feb-16 09:30:51.247033,10000549,0.008,0.0076,10,0.0088,7
2016-Feb-16 09:30:51.247062,10000550,0.0159,0.0175,3,0.0207,4
2016-Feb-16 09:30:51.750755,10000512,0.0008,0.0006,10,0.0009,10
2016-Feb-16 09:30:51.750773,10000519,0.0059,0.006,4,0.008,4
2016-Feb-16 09:30:51.750807,10000520,0.0028,0.0022,4,0.003,12
2016-Feb-16 09:30:51.750854,10000527,0.0112,0.0111,5,0.0112,1
2016-Feb-16 09:30:51.750898,10000528,0.113,0.1079,6,0.1112,1
2016-Feb-16 09:30:51.750916,10000533,0.0234,0.0227,10,0.0246,2
2016-Feb-16 09:30:51.750934,10000534,0.0713,0.061,1,0.072,9
2016-Feb-16 09:30:51.751263,10000539,0.0424,0.041,6,0.042,5
2016-Feb-16 09:30:51.751285,10000540,0.0407,0.0378,2,0.0407,2
2016-Feb-16 09:30:51.751320,10000549,0.008,0.0076,10,0.0088,7
2016-Feb-16 09:30:51.751363,10000550,0.0159,0.0176,2,0.0207,4
2016-Feb-16 09:30:51.751408,10000566,0.0028,0.0025,6,0.0036,4
2016-Feb-16 09:30:52.248091,10000512,0.0008,0.0006,10,0.0009,10
2016-Feb-16 09:30:52.248111,10000519,0.0059,0.006,4,0.008,4
2016-Feb-16 09:30:52.248141,10000520,0.0028,0.0023,6,0.003,12
2016-Feb-16 09:30:52.248159,10000521,0.1393,0.1411,1,0.1599,6
2016-Feb-16 09:30:52.248186,10000527,0.0112,0.0111,7,0.0112,1
2016-Feb-16 09:30:52.248206,10000533,0.0234,0.0227,10,0.0246,10
2016-Feb-16 09:30:52.248231,10000534,0.0713,0.0611,4,0.072,9
2016-Feb-16 09:30:52.248265,10000539,0.0424,0.041,6,0.042,5
2016-Feb-16 09:30:52.248533,10000540,0.0407,0.0378,10,0.0407,2
2016-Feb-16 09:30:52.248557,10000548,0.0716,0.0684,4,0.0719,5
2016-Feb-16 09:30:52.248573,10000549,0.008,0.0076,16,0.0088,7
2016-Feb-16 09:30:52.248589,10000550,0.0159,0.0176,10,0.0207,4
2016-Feb-16 09:30:52.248635,10000566,0.0028,0.0025,6,0.0036,10
2016-Feb-16 09:30:52.768162,10000511,0.0014,0.0011,4,0.0015,10
2016-Feb-16 09:30:52.768199,10000520,0.0028,0.0024,4,0.003,12
2016-Feb-16 09:30:52.768716,10000527,0.0112,0.0111,7,0.0112,1
2016-Feb-16 09:30:52.768767,10000534,0.0713,0.0612,6,0.072,9
2016-Feb-16 09:30:52.768821,10000540,0.0407,0.0378,10,0.0407,2
2016-Feb-16 09:30:52.768859,10000548,0.0716,0.0684,4,0.0719,5
2016-Feb-16 09:30:52.768894,10000549,0.008,0.0076,16,0.0088,7
2016-Feb-16 09:30:53.175103,10000519,0.006,0.006,4,0.008,4
2016-Feb-16 09:30:53.175136,10000521,0.1393,0.1412,6,0.1599,6
2016-Feb-16 09:30:53.175151,10000527,0.0112,0.0111,7,0.0112,1
2016-Feb-16 09:30:53.175180,10000533,0.0234,0.0227,10,0.0246,4
2016-Feb-16 09:30:53.175213,10000534,0.0713,0.0624,1,0.072,9
2016-Feb-16 09:30:53.175243,10000540,0.0407,0.0378,4,0.0407,2
2016-Feb-16 09:30:53.175261,10000548,0.0716,0.0684,4,0.0719,5
2016-Feb-16 09:30:53.175278,10000550,0.0176,0.0176,9,0.0207,4
2016-Feb-16 09:30:53.673406,10000509,0.3598,0.2964,1,0.4331,6
2016-Feb-16 09:30:53.673422,10000520,0.0028,0.0024,4,0.003,12
2016-Feb-16 09:30:53.673465,10000533,0.0234,0.0227,10,0.0245,6
2016-Feb-16 09:30:53.673487,10000534,0.0713,0.0625,4,0.072,9
2016-Feb-16 09:30:53.673560,10000540,0.0407,0.0379,6,0.0407,2
2016-Feb-16 09:30:53.673600,10000565,0.1557,0.1547,10,0.1557,1
2016-Feb-16 09:30:54.724653,510050,1.958,1.957,641337,1.958,19100
2016-Feb-16 09:30:54.725054,10000509,0.3598,0.2965,4,0.4331,6
2016-Feb-16 09:30:54.725156,10000519,0.006,0.0059,18,0.0076,10
2016-Feb-16 09:30:54.725236,10000520,0.0028,0.0024,4,0.003,12
2016-Feb-16 09:30:54.725253,10000521,0.1393,0.1429,1,0.1599,6
2016-Feb-16 09:30:54.725279,10000527,0.0112,0.0111,3,0.0112,1
2016-Feb-16 09:30:54.725310,10000528,0.113,0.1079,6,0.1112,1
2016-Feb-16 09:30:54.725411,10000533,0.0234,0.0227,10,0.0243,6
2016-Feb-16 09:30:54.725469,10000534,0.0713,0.0638,1,0.072,9
2016-Feb-16 09:30:54.725508,10000540,0.0407,0.0381,6,0.0407,2
2016-Feb-16 09:30:54.725543,10000548,0.0716,0.0684,4,0.0719,5
2016-Feb-16 09:30:54.725587,10000549,0.008,0.0076,10,0.0088,7
2016-Feb-16 09:30:54.725623,10000550,0.0176,0.0177,6,0.0205,3
2016-Feb-16 09:30:54.725671,10000565,0.1557,0.1547,10,0.1556,16
2016-Feb-16 09:30:55.202898,10000521,0.1393,0.143,6,0.1599,6
2016-Feb-16 09:30:55.202925,10000527,0.0112,0.0111,3,0.0112,1
2016-Feb-16 09:30:55.203002,10000540,0.0407,0.0403,10,0.0407,2
2016-Feb-16 09:30:55.203047,10000548,0.0716,0.0684,4,0.0719,11
2016-Feb-16 09:30:55.203062,10000549,0.008,0.0077,6,0.0088,7
2016-Feb-16 09:30:55.203139,10000550,0.0177,0.0192,10,0.0205,3
2016-Feb-16 09:30:55.203189,10000566,0.0028,0.0025,6,0.0036,10
2016-Feb-16 09:30:55.718862,10000519,0.006,0.0059,18,0.0076,10
2016-Feb-16 09:30:55.718885,10000521,0.1393,0.143,6,0.1599,6
2016-Feb-16 09:30:55.718913,10000527,0.0112,0.0111,3,0.0112,1
2016-Feb-16 09:30:55.719000,10000528,0.113,0.1079,6,0.1112,1
2016-Feb-16 09:30:55.719096,10000534,0.0713,0.0639,6,0.072,9
2016-Feb-16 09:30:55.719154,10000539,0.0424,0.041,6,0.042,5
2016-Feb-16 09:30:55.719187,10000540,0.0403,0.0381,6,0.0403,3
2016-Feb-16 09:30:55.719203,10000548,0.0716,0.071,1,0.0719,5
2016-Feb-16 09:30:55.719234,10000549,0.008,0.0076,10,0.0088,7
2016-Feb-16 09:30:55.719267,10000550,0.0177,0.0192,10,0.0205,3
2016-Feb-16 09:30:56.220126,10000511,0.0014,0.0011,4,0.0015,10
2016-Feb-16 09:30:56.220232,10000527,0.0112,0.0111,3,0.0112,1
2016-Feb-16 09:30:56.220251,10000528,0.113,0.1079,6,0.1112,1
2016-Feb-16 09:30:56.220293,10000534,0.0639,0.0639,3,0.072,9
2016-Feb-16 09:30:56.220313,10000540,0.0407,0.0402,10,0.0407,1
2016-Feb-16 09:30:56.220350,10000548,0.0716,0.071,1,0.0719,5
2016-Feb-16 09:30:56.220378,10000549,0.008,0.0076,16,0.0088,7
2016-Feb-16 09:30:56.220398,10000550,0.0192,0.0191,10,0.0192,1
2016-Feb-16 09:30:56.724377,10000528,0.113,0.1078,6,0.1112,1
2016-Feb-16 09:30:56.724426,10000534,0.0639,0.0639,3,0.072,9
2016-Feb-16 09:30:56.724443,10000540,0.0407,0.0402,10,0.0407,1
2016-Feb-16 09:30:56.724465,10000547,0.1167,0.1072,1,0.1168,6
2016-Feb-16 09:30:56.724481,10000548,0.071,0.0683,1,0.0719,5
2016-Feb-16 09:30:56.724509,10000550,0.0192,0.0191,10,0.0205,3
2016-Feb-16 09:30:57.224998,10000511,0.0014,0.0011,4,0.0015,10
2016-Feb-16 09:30:57.225018,10000519,0.006,0.0059,18,0.0076,10
2016-Feb-16 09:30:57.225048,10000522,0.2091,0.1819,2,0.208,10
2016-Feb-16 09:30:57.225079,10000527,0.0112,0.0111,3,0.0112,1
2016-Feb-16 09:30:57.225099,10000528,0.113,0.106,1,0.1112,1
2016-Feb-16 09:30:57.225146,10000534,0.0639,0.0652,1,0.072,9
2016-Feb-16 09:30:57.225234,10000540,0.0407,0.0402,10,0.0407,1
2016-Feb-16 09:30:57.225256,10000548,0.071,0.07,2,0.0719,5
2016-Feb-16 09:30:57.225523,10000549,0.008,0.0076,16,0.0088,7
2016-Feb-16 09:30:57.225545,10000550,0.0192,0.0191,10,0.0205,3
2016-Feb-16 09:30:57.225568,10000565,0.1557,0.1547,10,0.1556,10
2016-Feb-16 09:30:57.225583,10000566,0.0028,0.0025,6,0.0035,6
2016-Feb-16 09:30:57.732518,10000510,0.4126,0.3598,1,0.4829,6
2016-Feb-16 09:30:57.732547,10000511,0.0014,0.0011,4,0.0015,10
2016-Feb-16 09:30:57.732563,10000519,0.006,0.0059,18,0.0076,10
2016-Feb-16 09:30:57.732579,10000520,0.0028,0.0024,4,0.0029,3
2016-Feb-16 09:30:57.732596,10000527,0.0112,0.0111,3,0.0112,1
2016-Feb-16 09:30:57.732616,10000528,0.113,0.1078,6,0.1112,1
2016-Feb-16 09:30:57.732636,10000534,0.0639,0.0653,6,0.072,9
2016-Feb-16 09:30:57.732652,10000539,0.0424,0.0411,10,0.042,5
2016-Feb-16 09:30:57.732684,10000547,0.1167,0.1072,1,0.1167,5
2016-Feb-16 09:30:57.732700,10000548,0.071,0.07,2,0.0719,5
2016-Feb-16 09:30:57.732726,10000549,0.008,0.0076,16,0.0088,7
2016-Feb-16 09:30:57.732744,10000550,0.0192,0.0192,6,0.0205,3
2016-Feb-16 09:30:57.732777,10000565,0.1557,0.1547,10,0.1555,6
2016-Feb-16 09:30:58.231042,10000539,0.042,0.0422,25,0.0425,5
2016-Feb-16 09:30:58.231110,10000540,0.04,0.0391,6,0.04,10
2016-Feb-16 09:30:58.231143,10000548,0.071,0.07,2,0.0718,10
2016-Feb-16 09:30:58.231175,10000550,0.0192,0.0192,6,0.0205,3
2016-Feb-16 09:30:58.231202,10000565,0.1557,0.1547,10,0.1555,6
2016-Feb-16 09:30:58.264188,10000510,0.4126,0.3599,6,0.4829,6
2016-Feb-16 09:30:58.264256,10000527,0.0112,0.0106,6,0.0112,1
2016-Feb-16 09:30:58.264290,10000528,0.113,0.1078,6,0.1112,1
2016-Feb-16 09:30:58.737448,10000510,0.4126,0.3599,6,0.4829,6
2016-Feb-16 09:30:58.737495,10000519,0.006,0.0059,18,0.0076,10
2016-Feb-16 09:30:58.737515,10000520,0.0028,0.0024,4,0.0029,3
2016-Feb-16 09:30:58.737533,10000527,0.0112,0.0112,1,0.0119,1
2016-Feb-16 09:30:58.737557,10000540,0.04,0.04,10,0.0407,1
2016-Feb-16 09:30:58.737588,10000548,0.071,0.07,2,0.0718,10
2016-Feb-16 09:30:58.737605,10000549,0.008,0.0076,16,0.0083,10
2016-Feb-16 09:30:58.737623,10000565,0.1557,0.1547,10,0.1554,10
2016-Feb-16 09:30:58.737652,10000566,0.0028,0.0027,10,0.0035,6
2016-Feb-16 09:30:59.765946,510050,1.958,1.958,136300,1.959,1030950
2016-Feb-16 09:30:59.767570,10000509,0.3598,0.2977,1,0.4331,6
2016-Feb-16 09:30:59.767615,10000511,0.0014,0.0011,4,0.0015,10
2016-Feb-16 09:30:59.767757,10000527,0.0112,0.0112,1,0.0119,1
2016-Feb-16 09:30:59.767787,10000528,0.113,0.1078,6,0.1112,1
2016-Feb-16 09:30:59.767809,10000534,0.0639,0.0667,6,0.072,9
2016-Feb-16 09:30:59.767843,10000539,0.042,0.0422,25,0.0425,5
2016-Feb-16 09:30:59.768001,10000540,0.04,0.04,5,0.0407,1
2016-Feb-16 09:30:59.768032,10000549,0.008,0.0076,16,0.0083,10
2016-Feb-16 09:30:59.768077,10000565,0.1557,0.1547,10,0.1554,10
2016-Feb-16 09:30:59.768098,10000566,0.0028,0.0027,10,0.0035,6
2016-Feb-16 09:31:00.292766,10000540,0.04,0.0399,10,0.0407,1
2016-Feb-16 09:31:00.292846,10000565,0.1557,0.1547,10,0.1553,6
2016-Feb-16 09:31:00.785579,10000503,0.5111,0.4803,6,0.5829,1
2016-Feb-16 09:31:00.785595,10000511,0.0014,0.0011,4,0.0015,20
2016-Feb-16 09:31:00.785625,10000514,0.3099,0.2533,5,0.383,1
2016-Feb-16 09:31:00.785693,10000520,0.0028,0.0024,4,0.0029,3
2016-Feb-16 09:31:00.785739,10000527,0.0112,0.0108,1,0.0119,1
2016-Feb-16 09:31:00.785776,10000534,0.0639,0.068,1,0.072,9
2016-Feb-16 09:31:00.785814,10000539,0.0425,0.0427,20,0.0429,1
2016-Feb-16 09:31:00.785849,10000540,0.04,0.0399,10,0.0406,1
2016-Feb-16 09:31:00.785867,10000565,0.1557,0.1547,10,0.1553,6
2016-Feb-16 09:31:01.294968,10000503,0.5111,0.4803,6,0.5823,6
2016-Feb-16 09:31:01.295006,10000539,0.0427,0.0427,18,0.0429,1
2016-Feb-16 09:31:01.295023,10000540,0.04,0.0399,10,0.0406,1
2016-Feb-16 09:31:01.796657,10000521,0.1393,0.1447,1,0.1599,6
2016-Feb-16 09:31:01.796678,10000527,0.0112,0.0108,1,0.0119,1
2016-Feb-16 09:31:01.796711,10000534,0.0639,0.0681,6,0.072,9
2016-Feb-16 09:31:01.796728,10000547,0.1167,0.1072,1,0.1167,6
2016-Feb-16 09:31:01.796756,10000565,0.1557,0.1547,10,0.1556,10
2016-Feb-16 09:31:02.299164,10000503,0.5111,0.4803,6,0.5822,6
2016-Feb-16 09:31:02.299400,10000511,0.0014,0.0011,4,0.0015,20
2016-Feb-16 09:31:02.299435,10000514,0.3099,0.2535,1,0.383,1
2016-Feb-16 09:31:02.299451,10000521,0.1393,0.1447,1,0.1599,6
2016-Feb-16 09:31:02.299503,10000550,0.0207,0.0192,6,0.0207,1
2016-Feb-16 09:31:02.299537,10000565,0.1557,0.1547,10,0.1556,10
2016-Feb-16 09:31:02.808555,10000519,0.006,0.0059,18,0.0076,10
2016-Feb-16 09:31:02.808634,10000520,0.0028,0.0024,4,0.0029,3
2016-Feb-16 09:31:02.808673,10000521,0.1393,0.1448,6,0.159,1
2016-Feb-16 09:31:02.808937,10000527,0.0112,0.0108,1,0.0119,1
2016-Feb-16 09:31:02.808960,10000539,0.0427,0.0427,15,0.0429,1
2016-Feb-16 09:31:02.809024,10000549,0.008,0.0076,10,0.0083,10
2016-Feb-16 09:31:02.809047,10000550,0.0207,0.0191,10,0.0205,3
2016-Feb-16 09:31:02.809122,10000565,0.1557,0.1547,10,0.1556,16
2016-Feb-16 09:31:03.226852,10000510,0.4126,0.3611,1,0.4829,6
2016-Feb-16 09:31:03.227026,10000519,0.006,0.0059,18,0.0076,10
2016-Feb-16 09:31:03.227055,10000520,0.0028,0.0024,10,0.0029,3
2016-Feb-16 09:31:03.227083,10000527,0.0112,0.0109,6,0.0119,1
2016-Feb-16 09:31:03.227130,10000528,0.113,0.1078,6,0.1112,1
2016-Feb-16 09:31:03.227294,10000533,0.0244,0.0227,10,0.0244,6
2016-Feb-16 09:31:03.227330,10000534,0.0639,0.0681,6,0.072,9
2016-Feb-16 09:31:03.227368,10000539,0.0432,0.0434,8,0.0437,10
2016-Feb-16 09:31:03.227393,10000540,0.04,0.0399,10,0.0406,1
2016-Feb-16 09:31:03.227536,10000547,0.1167,0.1072,1,0.1167,1
2016-Feb-16 09:31:03.227565,10000548,0.071,0.07,2,0.0718,10
2016-Feb-16 09:31:03.227592,10000549,0.008,0.0076,10,0.0083,10
2016-Feb-16 09:31:03.227648,10000550,0.0207,0.0207,2,0.0208,3
2016-Feb-16 09:31:03.227812,10000565,0.1557,0.1547,10,0.1555,10
2016-Feb-16 09:31:03.726892,10000510,0.4126,0.3611,1,0.4829,6
2016-Feb-16 09:31:03.726913,10000521,0.1393,0.1448,6,0.159,1
2016-Feb-16 09:31:03.726945,10000534,0.0639,0.0681,6,0.072,9
2016-Feb-16 09:31:03.726965,10000539,0.0434,0.0411,10,0.0434,3
2016-Feb-16 09:31:03.727019,10000547,0.1167,0.1073,6,0.1167,1
2016-Feb-16 09:31:03.727330,10000548,0.071,0.07,2,0.0718,10
2016-Feb-16 09:31:03.727354,10000550,0.0207,0.0191,10,0.0207,4
2016-Feb-16 09:31:03.727371,10000565,0.1557,0.1547,10,0.1555,10
2016-Feb-16 09:31:04.765544,510050,1.957,1.956,960100,1.957,101363
2016-Feb-16 09:31:04.766861,10000503,0.5111,0.4803,6,0.5828,6
2016-Feb-16 09:31:04.766892,10000510,0.4126,0.3612,6,0.4829,6
2016-Feb-16 09:31:04.766918,10000511,0.0014,0.0011,4,0.0015,20
2016-Feb-16 09:31:04.766947,10000519,0.006,0.0059,18,0.0076,10
2016-Feb-16 09:31:04.766979,10000520,0.0028,0.0024,4,0.0029,3
2016-Feb-16 09:31:04.767009,10000521,0.1393,0.1448,6,0.1589,6
2016-Feb-16 09:31:04.767041,10000527,0.0112,0.0108,1,0.0119,1
2016-Feb-16 09:31:04.767060,10000528,0.113,0.1078,6,0.1112,1
2016-Feb-16 09:31:04.767138,10000533,0.0244,0.0227,10,0.0243,6
2016-Feb-16 09:31:04.767171,10000534,0.0639,0.0681,6,0.072,9
2016-Feb-16 09:31:04.767236,10000539,0.0434,0.0411,10,0.0427,10
2016-Feb-16 09:31:04.767264,10000547,0.1167,0.1073,6,0.1141,10
2016-Feb-16 09:31:04.767312,10000548,0.071,0.07,2,0.0717,10
2016-Feb-16 09:31:04.767340,10000549,0.008,0.0077,10,0.0083,10
2016-Feb-16 09:31:04.767370,10000550,0.0207,0.0191,10,0.0207,4
2016-Feb-16 09:31:04.767471,10000565,0.1557,0.1547,10,0.1555,10
2016-Feb-16 09:31:05.263677,10000511,0.0014,0.0011,4,0.0015,20
2016-Feb-16 09:31:05.263720,10000519,0.006,0.0059,18,0.0076,10
2016-Feb-16 09:31:05.263743,10000527,0.0112,0.0108,1,0.0119,1
2016-Feb-16 09:31:05.263763,10000533,0.0244,0.0227,10,0.0246,5
2016-Feb-16 09:31:05.263793,10000540,0.04,0.0399,10,0.0406,1
2016-Feb-16 09:31:05.263816,10000547,0.1167,0.1072,1,0.1141,10
2016-Feb-16 09:31:05.263840,10000548,0.071,0.07,2,0.0717,10
2016-Feb-16 09:31:05.263863,10000549,0.008,0.0077,10,0.0083,10
2016-Feb-16 09:31:05.263893,10000550,0.0191,0.0188,10,0.0207,4
2016-Feb-16 09:31:05.264023,10000565,0.1557,0.1547,10,0.1555,10
2016-Feb-16 09:31:05.775353,10000527,0.0112,0.0108,1,0.0119,1
2016-Feb-16 09:31:05.775505,10000533,0.0244,0.0227,10,0.0244,6
2016-Feb-16 09:31:05.775596,10000539,0.0429,0.0429,10,0.0434,3
2016-Feb-16 09:31:05.775629,10000540,0.0399,0.0386,6,0.0397,20
2016-Feb-16 09:31:05.775645,10000547,0.1167,0.1072,1,0.114,6
2016-Feb-16 09:31:05.775855,10000548,0.071,0.07,2,0.0717,10
2016-Feb-16 09:31:05.775878,10000550,0.0191,0.0188,10,0.0207,2
2016-Feb-16 09:31:05.775898,10000565,0.1557,0.1547,10,0.1555,10
2016-Feb-16 09:31:06.277156,10000511,0.0014,0.0011,4,0.0015,20
2016-Feb-16 09:31:06.277201,10000519,0.006,0.0059,18,0.0076,10
2016-Feb-16 09:31:06.277278,10000533,0.0244,0.0227,10,0.0245,6
2016-Feb-16 09:31:06.277352,10000539,0.0429,0.0411,10,0.0429,10
2016-Feb-16 09:31:06.277387,10000540,0.0397,0.0387,4,0.0397,7
2016-Feb-16 09:31:06.277454,10000547,0.1167,0.1072,1,0.114,6
2016-Feb-16 09:31:06.277485,10000548,0.071,0.07,2,0.0717,10
2016-Feb-16 09:31:06.277510,10000549,0.008,0.0077,10,0.0083,10
2016-Feb-16 09:31:06.277566,10000550,0.0191,0.0189,6,0.0207,2
2016-Feb-16 09:31:06.277599,10000565,0.1555,0.1547,9,0.1555,4
2016-Feb-16 09:31:06.277629,10000566,0.0027,0.0027,7,0.0035,6
2016-Feb-16 09:31:06.788612,10000511,0.0014,0.0011,4,0.0015,20
2016-Feb-16 09:31:06.788647,10000519,0.006,0.0059,18,0.0076,10
2016-Feb-16 09:31:06.788717,10000527,0.0112,0.0108,1,0.0119,1
2016-Feb-16 09:31:06.788770,10000533,0.0244,0.0243,1,0.0244,6
2016-Feb-16 09:31:06.788786,10000539,0.0429,0.0411,10,0.0429,10
2016-Feb-16 09:31:06.788816,10000540,0.0397,0.0384,10,0.0397,7
2016-Feb-16 09:31:06.788849,10000547,0.1167,0.1072,1,0.114,6
2016-Feb-16 09:31:06.788868,10000548,0.071,0.07,2,0.0717,10
2016-Feb-16 09:31:06.788897,10000549,0.008,0.0077,10,0.0083,10
2016-Feb-16 09:31:06.788944,10000550,0.0191,0.0189,6,0.0207,2
2016-Feb-16 09:31:06.788979,10000565,0.1555,0.1547,9,0.1554,6
2016-Feb-16 09:31:06.789157,10000566,0.0027,0.0027,13,0.0035,6
2016-Feb-16 09:31:07.268542,10000511,0.0014,0.0011,4,0.0015,20
2016-Feb-16 09:31:07.268567,10000519,0.006,0.0059,18,0.0076,10
2016-Feb-16 09:31:07.268597,10000527,0.0112,0.0108,1,0.0119,1
2016-Feb-16 09:31:07.268616,10000528,0.113,0.1086,10,0.1112,1
2016-Feb-16 09:31:07.268641,10000533,0.0243,0.0227,10,0.0243,2
2016-Feb-16 09:31:07.268659,10000539,0.0429,0.0411,10,0.0429,10
2016-Feb-16 09:31:07.268706,10000540,0.0397,0.0385,6,0.0397,7
2016-Feb-16 09:31:07.268731,10000547,0.1167,0.1072,1,0.114,6
2016-Feb-16 09:31:07.268805,10000548,0.071,0.07,2,0.0716,6
2016-Feb-16 09:31:07.268826,10000549,0.008,0.0077,16,0.0083,10
2016-Feb-16 09:31:07.268866,10000550,0.0191,0.0189,6,0.0207,2
2016-Feb-16 09:31:07.268892,10000565,0.1555,0.1547,9,0.1554,6
2016-Feb-16 09:31:07.268914,10000566,0.0027,0.0027,13,0.0036,10
2016-Feb-16 09:31:07.805999,10000527,0.0112,0.0108,1,0.0119,1
2016-Feb-16 09:31:07.806048,10000528,0.113,0.1086,10,0.1112,1
2016-Feb-16 09:31:07.806206,10000533,0.0243,0.0227,10,0.0243,8
2016-Feb-16 09:31:07.806229,10000539,0.0429,0.0411,10,0.0428,6
2016-Feb-16 09:31:07.806245,10000549,0.008,0.0077,16,0.0083,10
2016-Feb-16 09:31:07.806282,10000565,0.1555,0.1547,9,0.1553,10
2016-Feb-16 09:31:08.210278,10000527,0.0112,0.0108,1,0.0119,1
2016-Feb-16 09:31:08.210307,10000528,0.113,0.1086,10,0.1112,1
2016-Feb-16 09:31:08.210341,10000533,0.0243,0.0227,10,0.0243,8
2016-Feb-16 09:31:08.210363,10000539,0.0429,0.0411,10,0.0429,10
2016-Feb-16 09:31:08.210460,10000540,0.0385,0.0385,1,0.0406,1
2016-Feb-16 09:31:08.210540,10000547,0.1167,0.1072,1,0.114,6
2016-Feb-16 09:31:08.210604,10000548,0.071,0.0683,1,0.0717,16
2016-Feb-16 09:31:08.210641,10000549,0.008,0.0077,16,0.0083,10
2016-Feb-16 09:31:08.210967,10000565,0.1555,0.1547,9,0.1553,10
2016-Feb-16 09:31:08.709187,10000527,0.0112,0.0108,1,0.0119,1
2016-Feb-16 09:31:08.709271,10000539,0.0429,0.0411,10,0.0429,10
2016-Feb-16 09:31:08.709318,10000540,0.0385,0.0386,6,0.0387,1
2016-Feb-16 09:31:08.709388,10000548,0.071,0.0683,1,0.0717,10
2016-Feb-16 09:31:08.709451,10000550,0.0191,0.0189,6,0.0207,2
2016-Feb-16 09:31:08.709488,10000565,0.1555,0.1547,9,0.1553,10
2016-Feb-16 09:31:09.865762,510050,1.959,1.956,960100,1.959,907813
2016-Feb-16 09:31:09.867832,10000533,0.0243,0.0227,10,0.0243,1
2016-Feb-16 09:31:09.867861,10000540,0.0387,0.0387,1,0.0406,1
2016-Feb-16 09:31:09.867880,10000548,0.071,0.0683,1,0.0717,10
2016-Feb-16 09:31:09.867915,10000565,0.1555,0.1547,9,0.1556,10
2016-Feb-16 09:31:10.228078,10000512,0.0008,0.0006,10,0.0009,20
2016-Feb-16 09:31:10.228095,10000514,0.3099,0.2546,1,0.383,1
2016-Feb-16 09:31:10.228125,10000521,0.1393,0.1448,6,0.158,1
2016-Feb-16 09:31:10.228142,10000528,0.113,0.1086,10,0.1111,5
2016-Feb-16 09:31:10.228187,10000533,0.0243,0.0227,10,0.0242,6
2016-Feb-16 09:31:10.228281,10000534,0.0681,0.0681,3,0.072,9
2016-Feb-16 09:31:10.228441,10000540,0.0387,0.0388,6,0.0406,1
2016-Feb-16 09:31:10.228481,10000565,0.1555,0.1547,9,0.1556,10
2016-Feb-16 09:31:10.758240,10000514,0.3099,0.2546,1,0.383,1
2016-Feb-16 09:31:10.758297,10000521,0.1393,0.1448,6,0.158,1
2016-Feb-16 09:31:10.758317,10000539,0.0429,0.0411,10,0.0434,3
2016-Feb-16 09:31:10.758385,10000540,0.0387,0.04,10,0.0406,1
2016-Feb-16 09:31:11.238752,10000514,0.3099,0.2547,6,0.383,1
2016-Feb-16 09:31:11.238850,10000521,0.1393,0.1448,6,0.158,1
2016-Feb-16 09:31:11.238923,10000533,0.0243,0.0227,12,0.024,5
2016-Feb-16 09:31:11.238991,10000534,0.0681,0.0681,3,0.072,9
2016-Feb-16 09:31:11.239008,10000539,0.0411,0.0411,5,0.043,10
2016-Feb-16 09:31:11.239036,10000540,0.0387,0.04,10,0.0406,1
2016-Feb-16 09:31:11.239063,10000550,0.0189,0.0188,10,0.0189,1
2016-Feb-16 09:31:11.737655,10000503,0.5111,0.4803,6,0.5825,5
2016-Feb-16 09:31:11.737675,10000533,0.0243,0.0227,12,0.024,5
2016-Feb-16 09:31:11.737692,10000534,0.0681,0.0681,3,0.072,9
2016-Feb-16 09:31:11.737721,10000539,0.0411,0.0411,5,0.043,10
2016-Feb-16 09:31:11.737743,10000540,0.0387,0.04,10,0.0406,1
2016-Feb-16 09:31:11.737852,10000548,0.071,0.0683,1,0.0717,10
2016-Feb-16 09:31:11.737926,10000550,0.0189,0.0188,10,0.0207,2
2016-Feb-16 09:31:11.738205,10000565,0.1555,0.1547,9,0.1556,10
2016-Feb-16 09:31:11.738234,10000566,0.0027,0.0027,7,0.0036,4
2016-Feb-16 09:31:12.234959,10000505,0.6109,0.533,1,0.67,1
2016-Feb-16 09:31:12.235145,10000511,0.0014,0.0011,4,0.0015,20
2016-Feb-16 09:31:12.235170,10000519,0.006,0.0059,18,0.0076,10
2016-Feb-16 09:31:12.235220,10000521,0.1393,0.1448,6,0.158,1
2016-Feb-16 09:31:12.235250,10000527,0.0112,0.0108,1,0.0119,1
2016-Feb-16 09:31:12.235269,10000528,0.113,0.1086,10,0.1111,5
2016-Feb-16 09:31:12.235296,10000533,0.0243,0.0227,12,0.024,5
2016-Feb-16 09:31:12.235314,10000539,0.0411,0.0424,5,0.043,10
2016-Feb-16 09:31:12.235353,10000540,0.0387,0.04,10,0.0406,1
2016-Feb-16 09:31:12.235372,10000547,0.1167,0.1072,1,0.114,6
2016-Feb-16 09:31:12.235397,10000548,0.071,0.0684,6,0.0717,10
2016-Feb-16 09:31:12.235547,10000549,0.008,0.0077,10,0.0083,10
2016-Feb-16 09:31:12.235570,10000550,0.0189,0.0188,10,0.0207,2
2016-Feb-16 09:31:12.235587,10000565,0.1555,0.1547,9,0.1555,6
2016-Feb-16 09:31:12.235609,10000566,0.0027,0.0027,7,0.0035,6
2016-Feb-16 09:31:12.738265,10000511,0.0014,0.0011,4,0.0015,20
2016-Feb-16 09:31:12.738401,10000519,0.006,0.0059,18,0.0075,6
2016-Feb-16 09:31:12.738422,10000521,0.1393,0.1448,6,0.1579,6
2016-Feb-16 09:31:12.738458,10000527,0.0112,0.011,3,0.0119,1
2016-Feb-16 09:31:12.738478,10000528,0.113,0.1087,6,0.1103,1
2016-Feb-16 09:31:12.738497,10000533,0.0243,0.0227,12,0.024,11
2016-Feb-16 09:31:12.738542,10000539,0.0411,0.0424,5,0.043,10
2016-Feb-16 09:31:12.738657,10000540,0.0387,0.04,10,0.0406,1
2016-Feb-16 09:31:12.738698,10000549,0.008,0.0077,10,0.0083,10
2016-Feb-16 09:31:12.738714,10000550,0.0189,0.0188,10,0.0207,2
2016-Feb-16 09:31:12.738743,10000565,0.1555,0.1547,9,0.1555,6
2016-Feb-16 09:31:13.269440,10000511,0.0014,0.0011,4,0.0015,20
2016-Feb-16 09:31:13.269482,10000533,0.0243,0.0227,12,0.0239,6
2016-Feb-16 09:31:13.269500,10000550,0.0189,0.0189,6,0.0207,2
2016-Feb-16 09:31:13.792278,10000511,0.0014,0.0011,4,0.0015,20
2016-Feb-16 09:31:13.792311,10000527,0.0112,0.011,3,0.0119,1
2016-Feb-16 09:31:13.792358,10000539,0.0424,0.0411,5,0.043,10
2016-Feb-16 09:31:13.792388,10000548,0.071,0.0696,1,0.0717,10
2016-Feb-16 09:31:13.792405,10000565,0.1555,0.1547,10,0.1555,6
2016-Feb-16 09:31:14.821262,510050,1.958,1.957,10000,1.958,716400
2016-Feb-16 09:31:14.823158,10000514,0.3099,0.2547,6,0.383,1
2016-Feb-16 09:31:14.823194,10000521,0.1393,0.1465,1,0.1579,6
2016-Feb-16 09:31:14.823215,10000527,0.0112,0.011,3,0.0119,1
2016-Feb-16 09:31:14.823253,10000533,0.0243,0.0227,12,0.0239,6
2016-Feb-16 09:31:14.823293,10000534,0.0681,0.0681,3,0.071,5
2016-Feb-16 09:31:14.823315,10000539,0.0424,0.0411,5,0.043,10
2016-Feb-16 09:31:14.823353,10000540,0.0387,0.04,10,0.0406,1
2016-Feb-16 09:31:14.823400,10000547,0.1072,0.1059,2,0.114,6
2016-Feb-16 09:31:14.823433,10000548,0.071,0.0696,1,0.0717,10
2016-Feb-16 09:31:14.823470,10000565,0.1555,0.1547,10,0.1556,6
2016-Feb-16 09:31:15.322561,10000512,0.0008,0.0006,10,0.0009,30
2016-Feb-16 09:31:15.322608,10000565,0.1555,0.1547,9,0.1555,10
2016-Feb-16 09:31:15.425145,10000521,0.1393,0.1465,1,0.1579,6
2016-Feb-16 09:31:15.425174,10000539,0.0424,0.0411,5,0.0429,3
2016-Feb-16 09:31:15.425205,10000547,0.1072,0.1072,1,0.1139,10
2016-Feb-16 09:31:15.935966,10000513,0.2583,0.2455,1,0.2581,6
2016-Feb-16 09:31:15.935984,10000519,0.006,0.0059,18,0.0075,6
2016-Feb-16 09:31:15.936001,10000520,0.0028,0.0024,4,0.0029,3
2016-Feb-16 09:31:15.936031,10000521,0.1393,0.1466,6,0.1579,6
2016-Feb-16 09:31:15.936049,10000527,0.0112,0.011,3,0.0119,1
2016-Feb-16 09:31:15.936066,10000528,0.113,0.1086,10,0.1103,1
2016-Feb-16 09:31:15.936352,10000533,0.0243,0.0227,12,0.024,15
2016-Feb-16 09:31:15.936376,10000534,0.0681,0.0681,3,0.071,6
2016-Feb-16 09:31:15.936405,10000539,0.0424,0.0411,5,0.0429,3
2016-Feb-16 09:31:15.936430,10000540,0.0387,0.04,10,0.0406,1
2016-Feb-16 09:31:15.936456,10000547,0.1072,0.1072,1,0.1133,1
2016-Feb-16 09:31:15.936472,10000548,0.071,0.0696,1,0.0717,10
2016-Feb-16 09:31:15.936501,10000549,0.008,0.0077,10,0.0083,10
2016-Feb-16 09:31:15.936518,10000550,0.0189,0.0188,16,0.0189,3
2016-Feb-16 09:31:15.936534,10000565,0.1555,0.1547,9,0.1555,10
2016-Feb-16 09:31:16.420664,10000513,0.2583,0.2455,1,0.2581,6
2016-Feb-16 09:31:16.420714,10000519,0.006,0.0059,18,0.0075,6
2016-Feb-16 09:31:16.420762,10000520,0.0028,0.0024,10,0.0029,3
2016-Feb-16 09:31:16.420779,10000533,0.0243,0.0227,12,0.024,15
2016-Feb-16 09:31:16.420839,10000534,0.0681,0.0681,3,0.071,6
2016-Feb-16 09:31:16.420861,10000540,0.0387,0.04,10,0.0406,1
2016-Feb-16 09:31:16.420890,10000547,0.1072,0.1073,6,0.1133,1
2016-Feb-16 09:31:16.421043,10000548,0.071,0.0696,1,0.0717,10
2016-Feb-16 09:31:16.421073,10000549,0.008,0.0077,10,0.0083,10
2016-Feb-16 09:31:16.421093,10000550,0.0189,0.0188,10,0.0189,3
2016-Feb-16 09:31:16.421110,10000565,0.1555,0.1547,9,0.1555,10
2016-Feb-16 09:31:16.924188,10000498,0.0004,0.0002,20,0.0004,30
2016-Feb-16 09:31:16.924216,10000513,0.2583,0.2456,6,0.2581,6
2016-Feb-16 09:31:16.924233,10000519,0.006,0.0061,1,0.0075,6
2016-Feb-16 09:31:16.924263,10000522,0.2091,0.183,1,0.208,10
2016-Feb-16 09:31:16.924281,10000540,0.0387,0.04,10,0.0406,1
2016-Feb-16 09:31:16.924298,10000547,0.1072,0.1073,6,0.1132,6
2016-Feb-16 09:31:17.435135,10000498,0.0004,0.0002,50,0.0004,30
2016-Feb-16 09:31:17.435182,10000519,0.0061,0.0059,18,0.0075,6
2016-Feb-16 09:31:17.435276,10000522,0.2091,0.183,1,0.208,10
2016-Feb-16 09:31:17.435308,10000534,0.0681,0.0681,3,0.071,6
2016-Feb-16 09:31:17.435331,10000547,0.1072,0.1073,6,0.1132,6
2016-Feb-16 09:31:17.435360,10000550,0.0189,0.0202,3,0.0207,2
2016-Feb-16 09:31:17.435410,10000565,0.1555,0.1547,9,0.1557,1
2016-Feb-16 09:31:17.879847,10000519,0.0061,0.0059,18,0.0075,6
2016-Feb-16 09:31:17.879905,10000522,0.2091,0.1831,6,0.208,10
2016-Feb-16 09:31:17.879939,10000533,0.0243,0.0227,12,0.024,15
2016-Feb-16 09:31:17.879972,10000534,0.071,0.0681,3,0.071,3
2016-Feb-16 09:31:17.880048,10000548,0.071,0.0696,1,0.0717,10
2016-Feb-16 09:31:17.880423,10000550,0.0202,0.0188,10,0.0202,6
2016-Feb-16 09:31:17.880512,10000565,0.1555,0.1555,9,0.1557,1
2016-Feb-16 09:31:18.353282,10000513,0.2583,0.2456,6,0.2581,6
2016-Feb-16 09:31:18.353338,10000539,0.0424,0.0412,5,0.0429,3
2016-Feb-16 09:31:18.353376,10000550,0.0202,0.0198,6,0.0202,6
2016-Feb-16 09:31:18.876315,10000547,0.1072,0.1086,1,0.1132,6
2016-Feb-16 09:31:18.876368,10000548,0.071,0.0696,1,0.0715,1
2016-Feb-16 09:31:18.876454,10000550,0.0198,0.0198,5,0.0202,6
2016-Feb-16 09:31:19.801187,510050,1.957,1.957,198700,1.958,604400
2016-Feb-16 09:31:19.803078,10000519,0.0061,0.0059,18,0.0075,6
2016-Feb-16 09:31:19.803103,10000522,0.2091,0.1831,6,0.208,20
2016-Feb-16 09:31:19.803121,10000533,0.024,0.0227,12,0.024,5
2016-Feb-16 09:31:19.803142,10000540,0.0387,0.04,10,0.0406,1
2016-Feb-16 09:31:19.803219,10000547,0.1072,0.1086,1,0.1132,6
2016-Feb-16 09:31:19.803255,10000550,0.0198,0.0188,10,0.0202,6
2016-Feb-16 09:31:20.291591,10000514,0.3099,0.2559,1,0.383,1
2016-Feb-16 09:31:20.291615,10000519,0.0061,0.0059,18,0.0073,3
2016-Feb-16 09:31:20.291630,10000547,0.1072,0.1086,1,0.1125,1
2016-Feb-16 09:31:20.291653,10000550,0.0198,0.0189,3,0.0198,1
2016-Feb-16 09:31:20.801693,10000514,0.3099,0.256,6,0.383,1
2016-Feb-16 09:31:20.801711,10000547,0.1072,0.1086,1,0.1124,6
2016-Feb-16 09:31:21.304998,10000512,0.0008,0.0006,10,0.0008,10
2016-Feb-16 09:31:21.305144,10000540,0.04,0.04,5,0.0406,1
2016-Feb-16 09:31:21.305166,10000550,0.0198,0.0189,3,0.0198,1
2016-Feb-16 09:31:21.792395,10000501,0.0003,0.0001,48,0.0003,31
2016-Feb-16 09:31:21.792481,10000519,0.0061,0.0059,18,0.0073,3
2016-Feb-16 09:31:21.792518,10000534,0.071,0.0682,2,0.071,3
2016-Feb-16 09:31:21.792562,10000550,0.0198,0.019,10,0.0198,1
2016-Feb-16 09:31:22.298908,10000511,0.0014,0.0011,4,0.0015,20
2016-Feb-16 09:31:22.298949,10000513,0.2583,0.2456,6,0.2581,6
2016-Feb-16 09:31:22.298982,10000519,0.0061,0.0059,18,0.0073,3
2016-Feb-16 09:31:22.299029,10000520,0.0028,0.0024,4,0.0029,3
2016-Feb-16 09:31:22.299094,10000527,0.0112,0.011,3,0.0119,1
2016-Feb-16 09:31:22.299188,10000533,0.024,0.0227,12,0.024,5
2016-Feb-16 09:31:22.299261,10000540,0.04,0.04,5,0.0406,1
2016-Feb-16 09:31:22.299344,10000548,0.071,0.0696,1,0.0715,1
2016-Feb-16 09:31:22.299393,10000549,0.008,0.0077,10,0.0083,10
2016-Feb-16 09:31:22.299435,10000550,0.019,0.0188,10,0.0202,3
2016-Feb-16 09:31:22.299702,10000566,0.0027,0.0027,7,0.0035,6
2016-Feb-16 09:31:22.846392,10000519,0.0061,0.0059,18,0.0073,3
2016-Feb-16 09:31:22.846426,10000527,0.0112,0.011,3,0.0119,1
2016-Feb-16 09:31:22.846479,10000534,0.071,0.0682,2,0.071,3
2016-Feb-16 09:31:22.846531,10000540,0.04,0.04,5,0.0406,1
2016-Feb-16 09:31:22.846564,10000548,0.071,0.0696,1,0.0715,1
2016-Feb-16 09:31:22.846589,10000549,0.008,0.0077,10,0.0083,10
2016-Feb-16 09:31:22.846641,10000550,0.019,0.0188,10,0.0202,3
2016-Feb-16 09:31:22.846662,10000566,0.0027,0.0027,7,0.0035,6
2016-Feb-16 09:31:23.326585,10000511,0.0014,0.0011,4,0.0015,20
2016-Feb-16 09:31:23.326624,10000520,0.0028,0.0024,4,0.0029,3
2016-Feb-16 09:31:23.326671,10000527,0.0112,0.011,3,0.0119,2
2016-Feb-16 09:31:23.326774,10000533,0.024,0.0227,12,0.0239,6
2016-Feb-16 09:31:23.326824,10000534,0.071,0.0683,6,0.071,3
2016-Feb-16 09:31:23.326899,10000550,0.019,0.0188,10,0.0202,3
2016-Feb-16 09:31:23.837348,10000519,0.0061,0.0059,18,0.0073,3
2016-Feb-16 09:31:23.837426,10000539,0.0412,0.0412,1,0.0429,3
2016-Feb-16 09:31:23.837467,10000540,0.04,0.04,3,0.0406,1
2016-Feb-16 09:31:23.837484,10000548,0.071,0.0696,1,0.071,10
2016-Feb-16 09:31:24.801608,510050,1.957,1.957,181700,1.958,604400
2016-Feb-16 09:31:24.802480,10000539,0.0412,0.0412,1,0.0429,2
2016-Feb-16 09:31:24.802517,10000540,0.04,0.04,1,0.0406,1
2016-Feb-16 09:31:25.286394,10000510,0.4126,0.3624,1,0.4829,6
2016-Feb-16 09:31:25.286439,10000521,0.1393,0.1483,1,0.1579,6
2016-Feb-16 09:31:25.773317,10000510,0.4126,0.3624,1,0.4829,6
2016-Feb-16 09:31:25.773421,10000512,0.0008,0.0006,10,0.0008,20
2016-Feb-16 09:31:25.773443,10000521,0.1393,0.1483,1,0.1579,6
2016-Feb-16 09:31:25.773459,10000550,0.019,0.0188,10,0.0202,3
2016-Feb-16 09:31:26.270489,10000510,0.4126,0.3625,6,0.4829,6
2016-Feb-16 09:31:26.270520,10000521,0.1393,0.1484,6,0.157,1
2016-Feb-16 09:31:26.270551,10000548,0.071,0.0696,1,0.071,10
2016-Feb-16 09:31:26.270571,10000550,0.019,0.0188,10,0.0202,3
2016-Feb-16 09:31:27.280377,10000511,0.0014,0.0011,4,0.0014,8
2016-Feb-16 09:31:27.280404,10000521,0.1393,0.1484,6,0.1569,6
2016-Feb-16 09:31:27.280431,10000565,0.1555,0.1555,7,0.1557,1
2016-Feb-16 09:31:27.823972,10000510,0.4126,0.3625,6,0.4126,2
2016-Feb-16 09:31:27.824016,10000513,0.2583,0.2468,1,0.2581,6
2016-Feb-16 09:31:27.824108,10000522,0.2091,0.1844,1,0.208,20
2016-Feb-16 09:31:28.337013,10000510,0.4126,0.3625,6,0.4126,2
2016-Feb-16 09:31:28.337028,10000513,0.2583,0.2468,1,0.2581,6
2016-Feb-16 09:31:28.337125,10000522,0.2091,0.1844,1,0.208,20
2016-Feb-16 09:31:28.337296,10000550,0.019,0.019,10,0.0202,3
2016-Feb-16 09:31:28.811906,10000510,0.4126,0.3625,6,0.4125,6
2016-Feb-16 09:31:28.811928,10000513,0.2583,0.2469,6,0.2581,6
2016-Feb-16 09:31:28.811958,10000521,0.1393,0.1501,1,0.156,1
2016-Feb-16 09:31:28.811974,10000522,0.2091,0.1845,6,0.208,20
2016-Feb-16 09:31:29.852563,510050,1.956,1.956,291600,1.958,609600
2016-Feb-16 09:31:29.854353,10000498,0.0004,0.0002,50,0.0004,30
2016-Feb-16 09:31:29.854426,10000499,0.0003,0.0001,26,0.0004,60
2016-Feb-16 09:31:29.854463,10000511,0.0015,0.0011,4,0.0015,18
2016-Feb-16 09:31:29.854506,10000513,0.2583,0.2469,6,0.2581,6
2016-Feb-16 09:31:29.854592,10000519,0.0061,0.0059,18,0.0073,3
2016-Feb-16 09:31:29.854656,10000521,0.1393,0.1502,6,0.156,1
2016-Feb-16 09:31:29.854697,10000522,0.2091,0.1858,1,0.208,20
2016-Feb-16 09:31:29.854777,10000527,0.0112,0.011,3,0.0119,2
2016-Feb-16 09:31:29.854829,10000533,0.024,0.0227,12,0.0239,6
2016-Feb-16 09:31:29.854877,10000534,0.071,0.0683,6,0.071,2
2016-Feb-16 09:31:29.854906,10000539,0.0412,0.0412,1,0.0429,8
2016-Feb-16 09:31:29.854987,10000547,0.1072,0.1086,1,0.1124,6
2016-Feb-16 09:31:29.855024,10000548,0.071,0.0696,1,0.071,10
2016-Feb-16 09:31:29.855045,10000549,0.008,0.0077,10,0.0083,10
2016-Feb-16 09:31:29.855099,10000550,0.019,0.019,10,0.0202,3
2016-Feb-16 09:31:29.855136,10000565,0.1555,0.1555,7,0.1557,1
2016-Feb-16 09:31:30.347906,10000519,0.0061,0.0059,18,0.0073,3
2016-Feb-16 09:31:30.347965,10000521,0.1393,0.1502,6,0.156,1
2016-Feb-16 09:31:30.347986,10000527,0.0112,0.011,3,0.0119,2
2016-Feb-16 09:31:30.348002,10000533,0.024,0.0227,10,0.0239,6
2016-Feb-16 09:31:30.348029,10000548,0.071,0.0696,1,0.071,10
2016-Feb-16 09:31:30.348072,10000549,0.008,0.0077,10,0.0083,10
2016-Feb-16 09:31:30.348371,10000565,0.1555,0.1555,7,0.1557,1
2016-Feb-16 09:31:30.846737,10000500,0.0003,0.0002,133,0.0004,40
2016-Feb-16 09:31:30.846753,10000508,0.0004,0.0003,20,0.0005,40
2016-Feb-16 09:31:30.846789,10000510,0.4126,0.3637,1,0.4125,6
2016-Feb-16 09:31:30.846815,10000519,0.0059,0.0059,12,0.0073,3
2016-Feb-16 09:31:30.846834,10000520,0.0028,0.0024,4,0.0029,3
2016-Feb-16 09:31:30.846874,10000521,0.1393,0.1502,6,0.156,1
2016-Feb-16 09:31:30.846891,10000522,0.2091,0.1859,6,0.208,20
2016-Feb-16 09:31:30.847318,10000565,0.1555,0.1555,7,0.1557,1
2016-Feb-16 09:31:30.847359,10000566,0.0027,0.0027,7,0.0035,6
2016-Feb-16 09:31:31.359392,10000497,0.0004,0.0002,48,0.0004,30
2016-Feb-16 09:31:31.359416,10000501,0.0003,0.0001,48,0.0003,31
2016-Feb-16 09:31:31.359435,10000514,0.3099,0.2572,1,0.383,1
2016-Feb-16 09:31:31.359451,10000519,0.0059,0.0059,12,0.0073,3
2016-Feb-16 09:31:31.359484,10000521,0.1393,0.1502,6,0.156,1
2016-Feb-16 09:31:31.359553,10000533,0.0239,0.0239,4,0.024,15
2016-Feb-16 09:31:31.359600,10000534,0.071,0.0683,6,0.071,2
2016-Feb-16 09:31:31.359634,10000539,0.0412,0.0412,1,0.0429,8
2016-Feb-16 09:31:31.359651,10000540,0.04,0.04,1,0.0406,1
2016-Feb-16 09:31:31.359676,10000548,0.071,0.0696,1,0.071,10
2016-Feb-16 09:31:31.359693,10000550,0.019,0.019,10,0.0202,3
2016-Feb-16 09:31:31.868780,10000510,0.4126,0.3638,6,0.4125,6
2016-Feb-16 09:31:31.868796,10000514,0.3099,0.2573,6,0.383,1
2016-Feb-16 09:31:31.868872,10000527,0.0112,0.011,3,0.0119,2
2016-Feb-16 09:31:31.868921,10000533,0.0239,0.0227,10,0.0238,6
2016-Feb-16 09:31:31.868939,10000534,0.071,0.0684,2,0.071,2
2016-Feb-16 09:31:31.868973,10000547,0.1072,0.1086,1,0.1124,6
2016-Feb-16 09:31:31.868994,10000548,0.071,0.0696,1,0.071,9
2016-Feb-16 09:31:31.869011,10000550,0.019,0.019,10,0.0202,3
2016-Feb-16 09:31:32.349098,10000507,0.0004,0.0004,81,0.0007,10
2016-Feb-16 09:31:32.349114,10000509,0.3598,0.3,10,0.4331,6
2016-Feb-16 09:31:32.349139,10000512,0.0008,0.0006,10,0.0008,20
2016-Feb-16 09:31:32.349159,10000521,0.1393,0.1502,11,0.156,1
2016-Feb-16 09:31:32.349256,10000522,0.2091,0.1872,1,0.208,20
2016-Feb-16 09:31:32.349281,10000533,0.0239,0.0227,10,0.0238,6
2016-Feb-16 09:31:32.349377,10000547,0.1072,0.1086,1,0.1117,1
2016-Feb-16 09:31:32.894922,10000507,0.0004,0.0004,81,0.0007,10
2016-Feb-16 09:31:32.894982,10000512,0.0008,0.0006,10,0.0008,20
2016-Feb-16 09:31:32.895033,10000519,0.0059,0.0061,1,0.0073,3
2016-Feb-16 09:31:32.895073,10000522,0.2091,0.1873,6,0.208,20
2016-Feb-16 09:31:32.895106,10000533,0.0239,0.0227,10,0.0237,4
2016-Feb-16 09:31:32.895158,10000534,0.071,0.0685,6,0.071,2
2016-Feb-16 09:31:32.895191,10000539,0.0412,0.0412,1,0.0429,8
2016-Feb-16 09:31:32.895330,10000540,0.0406,0.0406,49,0.0413,3
2016-Feb-16 09:31:32.895355,10000548,0.071,0.0696,1,0.071,9
2016-Feb-16 09:31:32.895412,10000549,0.008,0.0077,10,0.0083,10
2016-Feb-16 09:31:33.296884,10000501,0.0003,0.0002,60,0.0003,31
2016-Feb-16 09:31:33.296921,10000510,0.4126,0.365,1,0.4125,6
2016-Feb-16 09:31:33.296961,10000519,0.0059,0.0061,1,0.0073,3
2016-Feb-16 09:31:33.297035,10000521,0.1393,0.1502,11,0.156,1
2016-Feb-16 09:31:33.297119,10000527,0.0112,0.011,3,0.0119,2
2016-Feb-16 09:31:33.297414,10000533,0.0239,0.0227,10,0.0237,4
2016-Feb-16 09:31:33.297445,10000540,0.0406,0.0406,49,0.0421,20
2016-Feb-16 09:31:33.297496,10000547,0.1072,0.1086,1,0.1117,1
2016-Feb-16 09:31:33.297522,10000548,0.071,0.0696,1,0.0709,5
2016-Feb-16 09:31:33.297551,10000549,0.008,0.0077,10,0.0083,10
2016-Feb-16 09:31:33.806752,10000501,0.0003,0.0002,70,0.0003,31
2016-Feb-16 09:31:33.806802,10000509,0.3598,0.3003,1,0.4331,6
2016-Feb-16 09:31:33.806835,10000510,0.4126,0.3651,6,0.4125,6
2016-Feb-16 09:31:33.806899,10000519,0.0059,0.0061,1,0.0073,3
2016-Feb-16 09:31:33.806951,10000521,0.1393,0.1503,6,0.156,1
2016-Feb-16 09:31:33.806969,10000527,0.0112,0.011,3,0.0119,2
2016-Feb-16 09:31:33.807360,10000533,0.0239,0.0227,10,0.024,15
2016-Feb-16 09:31:33.807384,10000540,0.0406,0.0406,49,0.0424,10
2016-Feb-16 09:31:33.807398,10000547,0.1072,0.1086,1,0.1116,6
2016-Feb-16 09:31:33.807449,10000566,0.0027,0.0027,7,0.0035,16
2016-Feb-16 09:31:34.849650,510050,1.958,1.957,301600,1.958,470300
2016-Feb-16 09:31:34.851567,10000508,0.0004,0.0003,20,0.0005,40
2016-Feb-16 09:31:34.851582,10000533,0.0227,0.0227,9,0.0239,4
2016-Feb-16 09:31:34.851631,10000534,0.071,0.0685,6,0.071,2
2016-Feb-16 09:31:34.851662,10000540,0.0406,0.0406,49,0.0419,2
2016-Feb-16 09:31:34.851718,10000548,0.071,0.0696,1,0.0709,5
2016-Feb-16 09:31:35.326980,10000519,0.0059,0.0061,1,0.0073,3
2016-Feb-16 09:31:35.326998,10000522,0.2091,0.1886,1,0.208,20
2016-Feb-16 09:31:35.327028,10000527,0.0112,0.011,3,0.0118,10
2016-Feb-16 09:31:35.327082,10000533,0.0227,0.0227,8,0.0239,4
2016-Feb-16 09:31:35.327104,10000540,0.0406,0.0406,49,0.0419,2
2016-Feb-16 09:31:35.327121,10000548,0.0709,0.0696,1,0.0709,4
2016-Feb-16 09:31:35.829053,10000501,0.0003,0.0002,80,0.0003,31
2016-Feb-16 09:31:35.829073,10000510,0.4126,0.3663,1,0.4125,6
2016-Feb-16 09:31:35.829103,10000519,0.0059,0.0061,1,0.0073,3
2016-Feb-16 09:31:36.326214,10000507,0.0004,0.0004,81,0.0007,10
2016-Feb-16 09:31:36.326244,10000510,0.4126,0.3663,1,0.4125,6
2016-Feb-16 09:31:36.326285,10000514,0.3099,0.2585,1,0.383,1
2016-Feb-16 09:31:36.326315,10000520,0.0024,0.0023,6,0.0024,6
2016-Feb-16 09:31:36.326355,10000522,0.2091,0.1887,6,0.208,20
2016-Feb-16 09:31:36.326373,10000539,0.0429,0.0412,1,0.0428,1
2016-Feb-16 09:31:36.326390,10000540,0.0406,0.0406,49,0.0419,2
2016-Feb-16 09:31:36.326711,10000548,0.071,0.0696,1,0.071,3
2016-Feb-16 09:31:36.326735,10000550,0.019,0.0188,10,0.0202,3
2016-Feb-16 09:31:36.326757,10000565,0.1555,0.1555,4,0.1557,1
2016-Feb-16 09:31:36.826920,10000507,0.0004,0.0004,81,0.0007,10
2016-Feb-16 09:31:36.826976,10000510,0.4126,0.3664,6,0.4125,6
2016-Feb-16 09:31:36.827098,10000514,0.3099,0.2585,1,0.383,1
2016-Feb-16 09:31:36.827159,10000520,0.0024,0.0024,6,0.0029,3
2016-Feb-16 09:31:36.827218,10000539,0.0428,0.0429,9,0.043,10
2016-Feb-16 09:31:36.827257,10000540,0.0406,0.0406,34,0.0419,2
2016-Feb-16 09:31:37.354618,10000514,0.3099,0.2586,6,0.383,1
2016-Feb-16 09:31:37.354692,10000520,0.0024,0.0024,6,0.0029,3
2016-Feb-16 09:31:37.354752,10000550,0.019,0.0188,10,0.0202,3
2016-Feb-16 09:31:37.862204,10000501,0.0003,0.0002,90,0.0003,31
2016-Feb-16 09:31:37.862223,10000519,0.0059,0.0061,1,0.0073,3
2016-Feb-16 09:31:37.862241,10000522,0.2091,0.19,1,0.208,20
2016-Feb-16 09:31:37.862260,10000539,0.0428,0.0429,9,0.043,10
2016-Feb-16 09:31:37.862277,10000548,0.071,0.0696,1,0.071,3
2016-Feb-16 09:31:37.862306,10000550,0.019,0.0188,10,0.0195,10
2016-Feb-16 09:31:38.361685,10000497,0.0004,0.0002,48,0.0004,30
2016-Feb-16 09:31:38.361716,10000498,0.0004,0.0002,50,0.0004,30
2016-Feb-16 09:31:38.361739,10000499,0.0003,0.0001,36,0.0004,60
2016-Feb-16 09:31:38.361784,10000500,0.0003,0.0002,133,0.0004,40
2016-Feb-16 09:31:38.361802,10000501,0.0003,0.0002,100,0.0003,31
2016-Feb-16 09:31:38.361823,10000502,0.4596,0.3912,6,0.4682,1
2016-Feb-16 09:31:38.361846,10000503,0.5111,0.4803,6,0.5825,5
2016-Feb-16 09:31:38.361884,10000504,0.56,0.4828,6,0.6251,6
2016-Feb-16 09:31:38.361917,10000505,0.6109,0.533,1,0.67,1
2016-Feb-16 09:31:38.361961,10000506,0.6594,0.5827,6,0.725,5
2016-Feb-16 09:31:38.361990,10000507,0.0004,0.0004,81,0.0007,10
2016-Feb-16 09:31:38.362025,10000508,0.0004,0.0003,20,0.0005,40
2016-Feb-16 09:31:38.362067,10000509,0.3598,0.3003,1,0.4331,6
2016-Feb-16 09:31:38.362090,10000510,0.4126,0.3676,1,0.4125,6
2016-Feb-16 09:31:38.362115,10000512,0.0008,0.0006,10,0.0008,20
2016-Feb-16 09:31:38.362155,10000513,0.2583,0.2469,6,0.2581,6
2016-Feb-16 09:31:38.362173,10000514,0.3099,0.2586,6,0.383,1
2016-Feb-16 09:31:38.362216,10000519,0.0059,0.0061,1,0.0073,3
2016-Feb-16 09:31:38.362235,10000520,0.0024,0.0024,6,0.0029,3
2016-Feb-16 09:31:38.362258,10000521,0.1393,0.1503,6,0.156,1
2016-Feb-16 09:31:38.362276,10000522,0.2091,0.1901,6,0.208,20
2016-Feb-16 09:31:38.362395,10000527,0.0112,0.011,3,0.0118,10
2016-Feb-16 09:31:38.362421,10000528,0.113,0.1086,10,0.1103,1
2016-Feb-16 09:31:38.362492,10000533,0.0227,0.0227,8,0.0237,10
2016-Feb-16 09:31:38.362522,10000534,0.071,0.0685,6,0.071,2
2016-Feb-16 09:31:38.362626,10000539,0.0428,0.0429,9,0.043,10
2016-Feb-16 09:31:38.362658,10000540,0.0406,0.0406,34,0.0419,2
2016-Feb-16 09:31:38.362727,10000547,0.1072,0.1086,1,0.1116,6
2016-Feb-16 09:31:38.362755,10000548,0.071,0.0696,1,0.071,3
2016-Feb-16 09:31:38.362790,10000549,0.008,0.0077,10,0.0083,10
2016-Feb-16 09:31:38.362825,10000550,0.019,0.0188,10,0.0195,10
2016-Feb-16 09:31:38.363306,10000565,0.1555,0.1555,4,0.1557,1
2016-Feb-16 09:31:38.363350,10000566,0.0027,0.0027,7,0.0035,16
2016-Feb-16 09:31:38.876355,10000507,0.0004,0.0004,81,0.0007,10
2016-Feb-16 09:31:38.876395,10000510,0.4126,0.3677,6,0.4125,6
2016-Feb-16 09:31:38.876638,10000512,0.0008,0.0006,10,0.0008,20
2016-Feb-16 09:31:38.876674,10000514,0.3099,0.2598,1,0.383,1
2016-Feb-16 09:31:38.876722,10000520,0.0024,0.0023,6,0.0029,3
2016-Feb-16 09:31:38.876758,10000550,0.019,0.0188,10,0.0195,10
2016-Feb-16 09:31:39.930647,510050,1.957,1.957,291500,1.958,480300
2016-Feb-16 09:31:39.932213,10000501,0.0003,0.0002,120,0.0003,31
2016-Feb-16 09:31:39.932259,10000507,0.0004,0.0004,81,0.0007,20
2016-Feb-16 09:31:39.932302,10000510,0.4126,0.3677,6,0.4125,6
2016-Feb-16 09:31:39.932367,10000514,0.3099,0.28,1,0.383,1
2016-Feb-16 09:31:39.932425,10000533,0.0227,0.0227,8,0.0237,10
2016-Feb-16 09:31:39.932453,10000539,0.0428,0.0429,9,0.043,10
2016-Feb-16 09:31:39.932601,10000540,0.0406,0.0407,5,0.0419,2
2016-Feb-16 09:31:39.932631,10000550,0.0195,0.0188,10,0.0195,4
2016-Feb-16 09:31:39.932653,10000565,0.1555,0.1547,9,0.1557,1
2016-Feb-16 09:31:40.324810,10000514,0.3099,0.2801,6,0.383,1
2016-Feb-16 09:31:40.836625,10000501,0.0003,0.0002,130,0.0003,31
2016-Feb-16 09:31:40.836645,10000510,0.4126,0.3689,1,0.4125,6
2016-Feb-16 09:31:40.836670,10000522,0.2091,0.1914,1,0.208,20
2016-Feb-16 09:31:40.836692,10000534,0.071,0.069,10,0.071,2
2016-Feb-16 09:31:40.836738,10000550,0.0188,0.0182,13,0.0195,4
2016-Feb-16 09:31:41.303230,10000534,0.071,0.0691,6,0.071,2
2016-Feb-16 09:31:41.303274,10000548,0.0696,0.0683,1,0.0696,9
2016-Feb-16 09:31:41.303296,10000550,0.0188,0.0183,10,0.0195,4
2016-Feb-16 09:31:41.303420,10000565,0.1555,0.1547,9,0.1557,1
2016-Feb-16 09:31:41.339473,10000522,0.2091,0.1915,6,0.208,20
2016-Feb-16 09:31:41.807189,10000501,0.0003,0.0002,140,0.0003,31
2016-Feb-16 09:31:41.807408,10000510,0.4126,0.369,6,0.4125,6
2016-Feb-16 09:31:41.807430,10000514,0.3099,0.2803,1,0.383,1
2016-Feb-16 09:31:41.807444,10000522,0.2091,0.1915,6,0.208,20
2016-Feb-16 09:31:41.807466,10000534,0.071,0.0691,6,0.072,9
2016-Feb-16 09:31:41.807481,10000539,0.0429,0.0412,11,0.0429,2
2016-Feb-16 09:31:41.807526,10000540,0.0406,0.0407,5,0.0419,2
2016-Feb-16 09:31:41.807570,10000547,0.1086,0.1072,1,0.1116,6
2016-Feb-16 09:31:41.807588,10000548,0.0696,0.0696,4,0.071,3
2016-Feb-16 09:31:41.807625,10000550,0.0188,0.0184,3,0.0195,4
2016-Feb-16 09:31:41.807680,10000566,0.0035,0.0027,7,0.0035,6
2016-Feb-16 09:31:42.316983,10000520,0.0023,0.0023,5,0.0029,3
2016-Feb-16 09:31:42.317032,10000539,0.0429,0.0412,11,0.0429,2
2016-Feb-16 09:31:42.317087,10000540,0.0406,0.0408,20,0.0419,2
2016-Feb-16 09:31:42.317196,10000547,0.1086,0.1072,1,0.1116,6
2016-Feb-16 09:31:42.317263,10000548,0.0696,0.0696,4,0.071,3
2016-Feb-16 09:31:42.317335,10000550,0.0195,0.0196,2,0.0202,23
2016-Feb-16 09:31:42.317559,10000566,0.0035,0.0027,7,0.0034,6
2016-Feb-16 09:31:42.826441,10000501,0.0003,0.0002,150,0.0003,31
2016-Feb-16 09:31:42.826473,10000509,0.3598,0.3003,1,0.4331,6
2016-Feb-16 09:31:42.826493,10000519,0.0062,0.0061,1,0.0073,3
2016-Feb-16 09:31:42.826509,10000520,0.0023,0.0023,5,0.0029,3
2016-Feb-16 09:31:42.826587,10000534,0.071,0.0694,1,0.072,9
2016-Feb-16 09:31:42.826703,10000539,0.0429,0.0412,1,0.0429,2
2016-Feb-16 09:31:42.826768,10000547,0.1086,0.1072,1,0.1109,1
2016-Feb-16 09:31:42.826879,10000548,0.0696,0.0696,4,0.071,3
2016-Feb-16 09:31:42.827073,10000549,0.008,0.0077,10,0.0078,10
2016-Feb-16 09:31:42.827148,10000565,0.1555,0.1547,9,0.1576,6
2016-Feb-16 09:31:43.369043,10000501,0.0003,0.0002,160,0.0003,31
2016-Feb-16 09:31:43.369122,10000513,0.2583,0.2481,1,0.2581,6
2016-Feb-16 09:31:43.369162,10000520,0.0023,0.0023,5,0.0029,3
2016-Feb-16 09:31:43.369181,10000527,0.0112,0.0108,1,0.0118,10
2016-Feb-16 09:31:43.369277,10000528,0.113,0.1086,10,0.1111,5
2016-Feb-16 09:31:43.369317,10000539,0.043,0.0412,1,0.0433,10
2016-Feb-16 09:31:43.369673,10000540,0.0408,0.0408,15,0.0419,2
2016-Feb-16 09:31:43.369710,10000549,0.008,0.0077,10,0.0078,10
2016-Feb-16 09:31:43.369723,10000550,0.0195,0.0188,10,0.0202,3
2016-Feb-16 09:31:43.369758,10000566,0.0035,0.0027,7,0.0034,6
2016-Feb-16 09:31:43.860573,10000513,0.2583,0.2481,1,0.2581,6
2016-Feb-16 09:31:43.860607,10000527,0.0112,0.0108,1,0.0118,10
2016-Feb-16 09:31:43.860636,10000534,0.071,0.0694,1,0.072,9
2016-Feb-16 09:31:43.860654,10000539,0.043,0.0412,1,0.0433,10
2016-Feb-16 09:31:43.860670,10000540,0.0408,0.0408,13,0.0419,2
2016-Feb-16 09:31:43.860701,10000547,0.1086,0.1072,1,0.1109,1
2016-Feb-16 09:31:43.860778,10000548,0.0709,0.0683,1,0.0709,9
2016-Feb-16 09:31:43.860807,10000549,0.008,0.0077,10,0.0078,10
2016-Feb-16 09:31:43.860860,10000565,0.1555,0.1547,9,0.1576,6
2016-Feb-16 09:31:43.860877,10000566,0.0035,0.0027,7,0.0034,6
2016-Feb-16 09:31:44.908538,510050,1.957,1.957,279200,1.958,368300
2016-Feb-16 09:31:44.910006,10000499,0.0003,0.0002,10,0.0004,60
2016-Feb-16 09:31:44.910035,10000501,0.0003,0.0002,170,0.0003,31
2016-Feb-16 09:31:44.910075,10000513,0.2583,0.2481,1,0.2581,6
2016-Feb-16 09:31:44.910093,10000519,0.0062,0.0061,1,0.0073,3
2016-Feb-16 09:31:44.910129,10000527,0.0112,0.0108,1,0.0118,10
2016-Feb-16 09:31:44.910153,10000528,0.113,0.1086,10,0.1111,5
2016-Feb-16 09:31:44.910197,10000533,0.0227,0.0227,8,0.0235,5
2016-Feb-16 09:31:44.910215,10000534,0.071,0.0695,6,0.072,9
2016-Feb-16 09:31:44.910269,10000539,0.043,0.0412,1,0.0432,6
2016-Feb-16 09:31:44.910310,10000540,0.0408,0.0408,12,0.0419,2
2016-Feb-16 09:31:44.910357,10000547,0.1086,0.1072,1,0.1109,1
2016-Feb-16 09:31:44.910376,10000548,0.0696,0.0684,6,0.0709,9
2016-Feb-16 09:31:44.910398,10000550,0.0195,0.0188,10,0.0202,3
2016-Feb-16 09:31:44.987059,10000522,0.2091,0.1928,1,0.208,20
2016-Feb-16 09:31:44.987106,10000534,0.071,0.0695,6,0.072,9
2016-Feb-16 09:31:44.987128,10000548,0.0696,0.0684,6,0.0709,9
2016-Feb-16 09:31:45.510119,10000499,0.0003,0.0002,20,0.0004,60
2016-Feb-16 09:31:45.510147,10000521,0.1393,0.1519,1,0.156,1
2016-Feb-16 09:31:45.510170,10000522,0.2091,0.1928,1,0.208,20
2016-Feb-16 09:31:45.510353,10000527,0.0112,0.0108,1,0.0117,1
2016-Feb-16 09:31:45.510404,10000548,0.0696,0.0684,6,0.0709,9
2016-Feb-16 09:31:45.510451,10000565,0.1555,0.1547,9,0.1576,6
2016-Feb-16 09:31:46.006678,10000501,0.0003,0.0002,180,0.0003,31
2016-Feb-16 09:31:46.006723,10000521,0.1393,0.1519,1,0.156,1
2016-Feb-16 09:31:46.006825,10000522,0.2091,0.1929,6,0.208,20
2016-Feb-16 09:31:46.006859,10000534,0.071,0.0695,6,0.072,9
2016-Feb-16 09:31:46.006885,10000548,0.0696,0.0684,6,0.0709,9
2016-Feb-16 09:31:46.486499,10000507,0.0004,0.0004,81,0.0007,20
2016-Feb-16 09:31:46.486533,10000510,0.4126,0.3702,1,0.4125,6
2016-Feb-16 09:31:46.486598,10000512,0.0008,0.0006,10,0.0008,20
2016-Feb-16 09:31:46.486633,10000521,0.1393,0.152,6,0.156,1
2016-Feb-16 09:31:46.486729,10000522,0.2091,0.1929,6,0.208,20
2016-Feb-16 09:31:46.486752,10000527,0.0112,0.0108,1,0.0117,1
2016-Feb-16 09:31:46.486782,10000539,0.043,0.0412,11,0.0432,6
2016-Feb-16 09:31:46.486854,10000548,0.0696,0.0684,6,0.0709,9
2016-Feb-16 09:31:46.990745,10000499,0.0003,0.0002,30,0.0004,60
2016-Feb-16 09:31:46.990798,10000507,0.0004,0.0004,81,0.0007,20
2016-Feb-16 09:31:46.990829,10000510,0.4126,0.3702,1,0.4125,6
2016-Feb-16 09:31:46.990858,10000512,0.0008,0.0006,10,0.0008,20
2016-Feb-16 09:31:46.990986,10000522,0.2091,0.1929,6,0.208,20
2016-Feb-16 09:31:47.506599,10000510,0.4126,0.3703,6,0.4125,6
2016-Feb-16 09:31:47.506622,10000519,0.0062,0.0061,1,0.0073,3
2016-Feb-16 09:31:47.506761,10000522,0.2091,0.1942,1,0.208,20
2016-Feb-16 09:31:47.506883,10000534,0.071,0.0695,6,0.072,9
2016-Feb-16 09:31:47.507076,10000540,0.0408,0.0408,12,0.0419,12
2016-Feb-16 09:31:47.921923,10000501,0.0003,0.0002,190,0.0003,31
2016-Feb-16 09:31:47.921992,10000510,0.4126,0.3703,6,0.4125,6
2016-Feb-16 09:31:47.922053,10000511,0.0015,0.0011,4,0.0015,18
2016-Feb-16 09:31:47.922090,10000513,0.2583,0.2481,1,0.2581,6
2016-Feb-16 09:31:47.922169,10000521,0.1393,0.1519,1,0.156,1
2016-Feb-16 09:31:47.922235,10000539,0.043,0.0412,11,0.0433,10
2016-Feb-16 09:31:47.922593,10000540,0.0408,0.0408,12,0.0419,12
2016-Feb-16 09:31:47.922617,10000547,0.1086,0.1072,1,0.1109,1
2016-Feb-16 09:31:47.922640,10000549,0.008,0.0077,10,0.0078,10
2016-Feb-16 09:31:47.922656,10000550,0.0195,0.0188,10,0.0202,3
2016-Feb-16 09:31:47.922682,10000565,0.1555,0.1547,9,0.1576,6
2016-Feb-16 09:31:47.922704,10000566,0.0035,0.0027,7,0.0034,6
2016-Feb-16 09:31:48.429266,10000511,0.0015,0.0011,4,0.0015,18
2016-Feb-16 09:31:48.429303,10000522,0.2091,0.1942,1,0.208,20
2016-Feb-16 09:31:48.429444,10000527,0.0112,0.0108,1,0.0117,1
2016-Feb-16 09:31:48.429468,10000528,0.113,0.1086,10,0.1111,5
2016-Feb-16 09:31:48.429482,10000534,0.071,0.0694,1,0.072,9
2016-Feb-16 09:31:48.429540,10000549,0.008,0.0077,10,0.0078,10
2016-Feb-16 09:31:48.429728,10000550,0.0195,0.0188,10,0.0202,3
2016-Feb-16 09:31:48.429750,10000565,0.1555,0.1547,9,0.1576,6
2016-Feb-16 09:31:48.429764,10000566,0.0035,0.0027,7,0.0034,6
2016-Feb-16 09:31:48.944600,10000499,0.0003,0.0002,40,0.0004,60
2016-Feb-16 09:31:48.944635,10000511,0.0015,0.0011,4,0.0015,18
2016-Feb-16 09:31:48.944674,10000513,0.2583,0.2481,1,0.2581,6
2016-Feb-16 09:31:48.944721,10000519,0.0062,0.0061,1,0.0073,3
2016-Feb-16 09:31:48.944768,10000521,0.1393,0.1519,1,0.1559,6
2016-Feb-16 09:31:48.944788,10000522,0.2091,0.1943,6,0.208,20
2016-Feb-16 09:31:48.944822,10000527,0.0112,0.0109,6,0.0117,1
2016-Feb-16 09:31:48.945286,10000528,0.113,0.1086,10,0.1111,5
2016-Feb-16 09:31:48.945368,10000534,0.071,0.0694,1,0.072,9
2016-Feb-16 09:31:48.945421,10000540,0.0408,0.0408,12,0.0418,6
2016-Feb-16 09:31:48.945462,10000547,0.1086,0.1073,6,0.1109,1
2016-Feb-16 09:31:49.882024,510050,1.958,1.958,153600,1.959,921913
2016-Feb-16 09:31:49.883657,10000501,0.0003,0.0002,200,0.0003,31
2016-Feb-16 09:31:49.883789,10000510,0.4126,0.3715,1,0.4125,6
2016-Feb-16 09:31:49.883817,10000540,0.0408,0.0408,11,0.0418,6
2016-Feb-16 09:31:49.883854,10000547,0.1086,0.1073,6,0.1109,1
2016-Feb-16 09:31:50.383193,10000507,0.0004,0.0004,81,0.0007,20
2016-Feb-16 09:31:50.383345,10000510,0.4126,0.3716,6,0.4125,6
2016-Feb-16 09:31:50.383391,10000512,0.0008,0.0006,10,0.0008,20
2016-Feb-16 09:31:50.383460,10000527,0.0112,0.0109,6,0.0117,1
2016-Feb-16 09:31:50.383491,10000533,0.0237,0.0237,14,0.0239,10
2016-Feb-16 09:31:50.383507,10000534,0.0694,0.069,10,0.0692,29
2016-Feb-16 09:31:50.383523,10000539,0.043,0.0412,11,0.043,6
2016-Feb-16 09:31:50.383549,10000550,0.0188,0.0188,5,0.0202,3
2016-Feb-16 09:31:50.871905,10000507,0.0004,0.0004,81,0.0007,20
2016-Feb-16 09:31:50.871956,10000512,0.0008,0.0006,10,0.0008,20
2016-Feb-16 09:31:50.872018,10000522,0.2091,0.1956,1,0.208,20
2016-Feb-16 09:31:50.872060,10000533,0.0237,0.0227,8,0.0239,10
2016-Feb-16 09:31:50.872079,10000534,0.0692,0.0692,3,0.072,9
2016-Feb-16 09:31:50.872107,10000540,0.0408,0.0408,5,0.0418,6
2016-Feb-16 09:31:50.872138,10000548,0.0709,0.0709,1,0.0715,1
2016-Feb-16 09:31:50.872156,10000550,0.0188,0.0184,10,0.0188,1
2016-Feb-16 09:31:51.385897,10000499,0.0003,0.0002,50,0.0004,60
2016-Feb-16 09:31:51.385939,10000510,0.4126,0.3728,1,0.4125,6
2016-Feb-16 09:31:51.385995,10000511,0.0015,0.0011,4,0.0015,18
2016-Feb-16 09:31:51.386115,10000533,0.0237,0.0227,8,0.0239,10
2016-Feb-16 09:31:51.386139,10000534,0.0692,0.0692,2,0.072,9
2016-Feb-16 09:31:51.386266,10000548,0.0709,0.0709,1,0.0715,1
2016-Feb-16 09:31:51.386289,10000550,0.0188,0.0184,10,0.0202,3
2016-Feb-16 09:31:51.864558,10000507,0.0004,0.0004,81,0.0007,20
2016-Feb-16 09:31:51.864575,10000510,0.4126,0.3728,1,0.4125,6
2016-Feb-16 09:31:51.864612,10000511,0.0015,0.0011,4,0.0014,10
2016-Feb-16 09:31:51.864654,10000522,0.2091,0.1956,1,0.208,20
2016-Feb-16 09:31:51.864686,10000533,0.0237,0.0227,18,0.024,15
2016-Feb-16 09:31:51.864746,10000534,0.0692,0.0692,2,0.072,19
2016-Feb-16 09:31:51.864785,10000539,0.043,0.0412,11,0.043,6
2016-Feb-16 09:31:51.864811,10000548,0.0709,0.0709,1,0.0715,1
2016-Feb-16 09:31:51.864833,10000550,0.0188,0.0184,14,0.0202,3
2016-Feb-16 09:31:52.371040,10000510,0.4126,0.3729,6,0.4125,6
2016-Feb-16 09:31:52.371057,10000511,0.0015,0.0011,4,0.0014,10
2016-Feb-16 09:31:52.371074,10000519,0.0062,0.0061,1,0.0073,3
2016-Feb-16 09:31:52.371334,10000521,0.1393,0.1519,1,0.156,1
2016-Feb-16 09:31:52.371372,10000522,0.2091,0.1957,6,0.208,20
2016-Feb-16 09:31:52.371397,10000527,0.0112,0.0108,1,0.0117,1
2016-Feb-16 09:31:52.371425,10000528,0.113,0.1086,10,0.1111,5
2016-Feb-16 09:31:52.371441,10000533,0.0237,0.0227,8,0.024,15
2016-Feb-16 09:31:52.371468,10000534,0.0692,0.0692,2,0.072,9
2016-Feb-16 09:31:52.371494,10000540,0.0408,0.0408,5,0.0419,12
2016-Feb-16 09:31:52.371534,10000547,0.1086,0.1072,1,0.1109,1
2016-Feb-16 09:31:52.371554,10000548,0.0709,0.0709,1,0.0715,1
2016-Feb-16 09:31:52.371608,10000549,0.008,0.0077,10,0.0078,10
2016-Feb-16 09:31:52.371635,10000550,0.0188,0.0197,5,0.0202,3
2016-Feb-16 09:31:52.371706,10000565,0.1555,0.1547,9,0.1576,6
2016-Feb-16 09:31:52.371734,10000566,0.0035,0.0027,7,0.0034,6
2016-Feb-16 09:31:52.909303,10000501,0.0003,0.0002,210,0.0003,31
2016-Feb-16 09:31:52.909360,10000511,0.0015,0.0011,4,0.0014,10
2016-Feb-16 09:31:52.909382,10000519,0.0062,0.0061,1,0.0073,3
2016-Feb-16 09:31:52.909396,10000521,0.1393,0.1519,1,0.156,1
2016-Feb-16 09:31:52.909427,10000527,0.0112,0.0108,1,0.0117,1
2016-Feb-16 09:31:52.909459,10000534,0.0692,0.0692,2,0.072,9
2016-Feb-16 09:31:52.909526,10000539,0.043,0.0412,6,0.043,6
2016-Feb-16 09:31:52.909548,10000547,0.1086,0.1072,1,0.1109,1
2016-Feb-16 09:31:52.909725,10000548,0.0709,0.0684,10,0.0715,1
2016-Feb-16 09:31:52.909757,10000550,0.0188,0.0197,5,0.0202,3
2016-Feb-16 09:31:52.909813,10000565,0.1555,0.1547,9,0.1576,6
2016-Feb-16 09:31:53.422500,10000522,0.2091,0.1957,6,0.208,20
2016-Feb-16 09:31:53.422514,10000527,0.0112,0.0108,1,0.0117,1
2016-Feb-16 09:31:53.422543,10000533,0.0237,0.0227,8,0.0235,1
2016-Feb-16 09:31:53.422572,10000534,0.0692,0.0692,2,0.072,9
2016-Feb-16 09:31:53.422590,10000540,0.0407,0.0406,34,0.0419,12
2016-Feb-16 09:31:53.422622,10000547,0.1086,0.1072,1,0.1109,1
2016-Feb-16 09:31:53.422728,10000548,0.0709,0.0684,10,0.0715,1
2016-Feb-16 09:31:53.422789,10000550,0.0188,0.0184,14,0.0202,3
2016-Feb-16 09:31:53.422834,10000565,0.1555,0.1547,9,0.1576,6
2016-Feb-16 09:31:53.908601,10000499,0.0003,0.0002,60,0.0004,60
2016-Feb-16 09:31:53.908632,10000519,0.0061,0.0059,15,0.0073,3
2016-Feb-16 09:31:53.908679,10000540,0.0407,0.0406,34,0.0419,12
2016-Feb-16 09:31:53.908848,10000548,0.0709,0.0683,1,0.0715,1
2016-Feb-16 09:31:53.908871,10000550,0.0188,0.0184,14,0.0202,3
2016-Feb-16 09:31:53.908906,10000566,0.0035,0.0027,7,0.0034,6
2016-Feb-16 09:31:54.837643,510050,1.956,1.955,230000,1.956,38900
2016-Feb-16 09:31:54.839377,10000509,0.3598,0.305,10,0.4331,6
2016-Feb-16 09:31:54.839404,10000511,0.0015,0.0011,4,0.0014,10
2016-Feb-16 09:31:54.839430,10000513,0.2583,0.2482,6,0.2581,6
2016-Feb-16 09:31:54.839522,10000519,0.0061,0.0059,15,0.0073,3
2016-Feb-16 09:31:54.839589,10000520,0.0023,0.0022,10,0.0029,3
2016-Feb-16 09:31:54.839612,10000521,0.1393,0.152,6,0.156,1
2016-Feb-16 09:31:54.839632,10000522,0.2091,0.197,1,0.208,20
2016-Feb-16 09:31:54.839669,10000527,0.0112,0.0108,1,0.0117,1
2016-Feb-16 09:31:54.839691,10000528,0.113,0.1086,10,0.1111,5
2016-Feb-16 09:31:54.839755,10000533,0.0237,0.0227,8,0.0234,4
2016-Feb-16 09:31:54.839790,10000534,0.0692,0.0694,2,0.072,9
2016-Feb-16 09:31:54.839835,10000539,0.043,0.0412,6,0.0429,6
2016-Feb-16 09:31:54.839871,10000540,0.0407,0.0406,34,0.0419,12
2016-Feb-16 09:31:54.840051,10000547,0.1086,0.1072,1,0.1108,6
2016-Feb-16 09:31:54.840081,10000548,0.0709,0.0683,1,0.0714,6
2016-Feb-16 09:31:54.840095,10000549,0.008,0.0077,10,0.0078,10
2016-Feb-16 09:31:54.840116,10000550,0.0188,0.0185,3,0.0202,3
2016-Feb-16 09:31:54.840144,10000565,0.1555,0.1547,9,0.1576,6
2016-Feb-16 09:31:54.840167,10000566,0.0035,0.0027,7,0.0035,12
2016-Feb-16 09:31:55.361250,10000501,0.0003,0.0002,220,0.0003,31
2016-Feb-16 09:31:55.361284,10000519,0.0061,0.0059,15,0.0073,3
2016-Feb-16 09:31:55.361303,10000521,0.1393,0.152,6,0.157,1
2016-Feb-16 09:31:55.361333,10000527,0.0112,0.0108,1,0.0117,1
2016-Feb-16 09:31:55.361351,10000528,0.113,0.1087,6,0.1111,5
2016-Feb-16 09:31:55.361379,10000533,0.0237,0.0227,8,0.0234,4
2016-Feb-16 09:31:55.361408,10000534,0.0692,0.0695,6,0.072,9
2016-Feb-16 09:31:55.361426,10000539,0.043,0.0412,6,0.0429,6
2016-Feb-16 09:31:55.361482,10000547,0.1086,0.1059,2,0.1108,8
2016-Feb-16 09:31:55.361503,10000548,0.0709,0.0683,1,0.0714,6
2016-Feb-16 09:31:55.361519,10000549,0.0078,0.0077,10,0.0078,9
2016-Feb-16 09:31:55.361657,10000565,0.1547,0.1547,7,0.1576,6
2016-Feb-16 09:31:55.860341,10000519,0.0061,0.0059,15,0.0072,1
2016-Feb-16 09:31:55.860404,10000520,0.0023,0.0022,10,0.0029,3
2016-Feb-16 09:31:55.860438,10000522,0.2091,0.1971,6,0.208,20
2016-Feb-16 09:31:55.860469,10000533,0.0235,0.0236,21,0.024,25
2016-Feb-16 09:31:55.860499,10000534,0.0694,0.0692,2,0.0693,16
2016-Feb-16 09:31:55.860645,10000539,0.043,0.0412,6,0.0428,1
2016-Feb-16 09:31:55.860682,10000548,0.0709,0.0683,1,0.0711,1
2016-Feb-16 09:31:55.860877,10000550,0.0188,0.0185,3,0.0202,4
2016-Feb-16 09:31:55.860899,10000566,0.0027,0.0026,7,0.0027,3
2016-Feb-16 09:31:56.343197,10000509,0.3598,0.305,10,0.4331,6
2016-Feb-16 09:31:56.343219,10000511,0.0015,0.0011,4,0.0014,10
2016-Feb-16 09:31:56.343266,10000521,0.1393,0.152,6,0.157,1
2016-Feb-16 09:31:56.343293,10000522,0.2091,0.1971,6,0.208,20
2016-Feb-16 09:31:56.343341,10000528,0.113,0.1087,6,0.1111,5
2016-Feb-16 09:31:56.343373,10000533,0.0236,0.0236,4,0.024,25
2016-Feb-16 09:31:56.343551,10000534,0.0693,0.0692,2,0.0693,3
2016-Feb-16 09:31:56.343590,10000540,0.0406,0.0406,22,0.0419,2
2016-Feb-16 09:31:56.343613,10000547,0.1086,0.1059,2,0.1108,8
2016-Feb-16 09:31:56.343657,10000548,0.0711,0.0711,1,0.0714,6
2016-Feb-16 09:31:56.343703,10000550,0.0188,0.0185,3,0.0202,4
2016-Feb-16 09:31:56.343731,10000566,0.0027,0.0026,7,0.0035,12
2016-Feb-16 09:31:56.849246,10000499,0.0003,0.0002,70,0.0004,60
2016-Feb-16 09:31:56.849269,10000510,0.4126,0.3936,10,0.4114,10
2016-Feb-16 09:31:56.849285,10000519,0.0061,0.0059,15,0.0072,1
2016-Feb-16 09:31:56.849302,10000520,0.0023,0.0022,10,0.0029,3
2016-Feb-16 09:31:56.849370,10000533,0.0236,0.0227,18,0.024,15
2016-Feb-16 09:31:56.849401,10000534,0.0693,0.0692,2,0.072,19
2016-Feb-16 09:31:56.849449,10000539,0.043,0.0412,6,0.0428,1
2016-Feb-16 09:31:56.849470,10000548,0.0711,0.0711,1,0.0714,6
2016-Feb-16 09:31:56.849502,10000566,0.0027,0.0026,7,0.0035,22
2016-Feb-16 09:31:57.337642,10000510,0.4126,0.3936,10,0.4114,10
2016-Feb-16 09:31:57.337683,10000519,0.0061,0.0059,15,0.0072,1
2016-Feb-16 09:31:57.337702,10000520,0.0023,0.0022,10,0.0029,3
2016-Feb-16 09:31:57.337806,10000539,0.043,0.0412,6,0.0427,6
2016-Feb-16 09:31:57.337897,10000547,0.1086,0.1072,1,0.1108,8
2016-Feb-16 09:31:57.337994,10000548,0.0711,0.0711,1,0.0714,6
2016-Feb-16 09:31:57.338052,10000566,0.0027,0.0029,6,0.0035,12
2016-Feb-16 09:31:57.890185,10000501,0.0003,0.0002,230,0.0003,31
2016-Feb-16 09:31:57.890434,10000510,0.4126,0.3937,6,0.4113,6
2016-Feb-16 09:31:57.890456,10000511,0.0015,0.0011,4,0.0014,10
2016-Feb-16 09:31:57.890471,10000519,0.0061,0.0059,15,0.0072,1
2016-Feb-16 09:31:57.890513,10000533,0.0236,0.0227,8,0.024,15
2016-Feb-16 09:31:57.890534,10000534,0.0693,0.0692,2,0.072,9
2016-Feb-16 09:31:57.890632,10000548,0.0711,0.0711,1,0.0714,6
2016-Feb-16 09:31:57.890660,10000566,0.0027,0.0029,6,0.0035,12
2016-Feb-16 09:31:58.401011,10000533,0.0236,0.0227,8,0.024,15
2016-Feb-16 09:31:58.401074,10000534,0.0693,0.0692,2,0.072,9
2016-Feb-16 09:31:58.401269,10000539,0.043,0.0412,7,0.0427,6
2016-Feb-16 09:31:58.401305,10000547,0.1086,0.1072,1,0.1107,6
2016-Feb-16 09:31:58.401377,10000548,0.0711,0.0683,11,0.0685,1
2016-Feb-16 09:31:58.401420,10000565,0.1547,0.155,10,0.1576,6
2016-Feb-16 09:31:58.401457,10000566,0.0027,0.0026,7,0.0035,12
2016-Feb-16 09:31:58.885089,10000534,0.0693,0.0692,2,0.072,10
2016-Feb-16 09:31:58.885203,10000548,0.0685,0.0685,2,0.0714,6
2016-Feb-16 09:31:59.935368,510050,1.956,1.956,264200,1.957,11000
2016-Feb-16 09:31:59.936645,10000499,0.0003,0.0002,80,0.0004,60
2016-Feb-16 09:31:59.936745,10000511,0.0015,0.0011,4,0.0014,10
2016-Feb-16 09:31:59.936797,10000513,0.2583,0.2482,6,0.2581,6
2016-Feb-16 09:31:59.936870,10000533,0.024,0.0227,8,0.024,14
2016-Feb-16 09:31:59.936961,10000534,0.0699,0.0699,4,0.072,10
2016-Feb-16 09:31:59.937015,10000539,0.0428,0.0412,7,0.043,6
2016-Feb-16 09:31:59.937049,10000540,0.0406,0.0406,13,0.0419,2
2016-Feb-16 09:31:59.937088,10000547,0.1107,0.1072,1,0.1107,6
2016-Feb-16 09:31:59.937167,10000548,0.072,0.0685,3,0.0714,10
2016-Feb-16 09:31:59.937213,10000549,0.0077,0.0077,7,0.0078,9
2016-Feb-16 09:31:59.937255,10000550,0.0181,0.0187,10,0.0202,4
2016-Feb-16 09:31:59.937279,10000565,0.1547,0.155,10,0.1575,1
2016-Feb-16 09:31:59.937296,10000566,0.0027,0.0026,7,0.0035,12
2016-Feb-16 09:32:00.430503,10000507,0.0004,0.0004,81,0.0007,20
2016-Feb-16 09:32:00.430585,10000512,0.0008,0.0006,10,0.0008,20
2016-Feb-16 09:32:00.430607,10000513,0.2583,0.2468,1,0.2581,6
2016-Feb-16 09:32:00.430697,10000520,0.0023,0.0022,4,0.0029,3
2016-Feb-16 09:32:00.430735,10000521,0.1393,0.152,6,0.157,1
2016-Feb-16 09:32:00.430843,10000527,0.0112,0.0108,1,0.0117,1
2016-Feb-16 09:32:00.430916,10000533,0.0241,0.0242,3,0.0243,1
2016-Feb-16 09:32:00.430964,10000534,0.069,0.0686,8,0.069,4
2016-Feb-16 09:32:00.431005,10000539,0.0428,0.0412,7,0.043,6
2016-Feb-16 09:32:00.431022,10000540,0.0406,0.0406,11,0.0419,2
2016-Feb-16 09:32:00.431077,10000547,0.1107,0.1072,1,0.1106,6
2016-Feb-16 09:32:00.431108,10000548,0.072,0.0685,3,0.0724,10
2016-Feb-16 09:32:00.431139,10000549,0.0077,0.0077,7,0.0078,9
2016-Feb-16 09:32:00.431274,10000565,0.1547,0.155,10,0.1575,1
2016-Feb-16 09:32:00.907214,10000501,0.0003,0.0002,240,0.0003,31
2016-Feb-16 09:32:00.907231,10000507,0.0004,0.0004,81,0.0007,20
2016-Feb-16 09:32:00.907308,10000511,0.0015,0.0011,4,0.0014,10
2016-Feb-16 09:32:00.907343,10000512,0.0008,0.0006,10,0.0008,20
2016-Feb-16 09:32:00.907367,10000513,0.2583,0.2463,6,0.2581,6
2016-Feb-16 09:32:00.907407,10000519,0.0061,0.0059,15,0.0072,1
2016-Feb-16 09:32:00.907436,10000520,0.0023,0.0023,6,0.0029,3
2016-Feb-16 09:32:00.907473,10000521,0.1393,0.152,6,0.157,1
2016-Feb-16 09:32:00.907529,10000527,0.0112,0.0108,1,0.0117,1
2016-Feb-16 09:32:00.907552,10000528,0.113,0.1086,10,0.1111,5
2016-Feb-16 09:32:00.907616,10000533,0.0242,0.0227,8,0.0241,10
2016-Feb-16 09:32:00.907632,10000534,0.069,0.0691,10,0.072,20
2016-Feb-16 09:32:00.907648,10000539,0.043,0.0412,7,0.043,3
2016-Feb-16 09:32:00.907675,10000540,0.0406,0.0406,2,0.0419,2
2016-Feb-16 09:32:00.907750,10000547,0.1106,0.1072,1,0.1106,3
2016-Feb-16 09:32:00.907784,10000548,0.072,0.0685,2,0.0724,10
2016-Feb-16 09:32:00.907809,10000549,0.0077,0.0077,7,0.0078,9
2016-Feb-16 09:32:00.907828,10000550,0.0181,0.0187,10,0.0202,4
2016-Feb-16 09:32:00.907981,10000566,0.0027,0.0026,1,0.0035,6
2016-Feb-16 09:32:01.414696,10000497,0.0004,0.0002,48,0.0004,30
2016-Feb-16 09:32:01.414712,10000521,0.1393,0.1502,5,0.157,1
2016-Feb-16 09:32:01.414769,10000527,0.0112,0.011,3,0.0117,1
2016-Feb-16 09:32:01.414787,10000528,0.113,0.1086,10,0.1102,1
2016-Feb-16 09:32:01.414834,10000533,0.0242,0.0227,8,0.0241,10
2016-Feb-16 09:32:01.414861,10000534,0.069,0.0691,10,0.071,7
2016-Feb-16 09:32:01.414883,10000540,0.0406,0.0406,2,0.0418,10
2016-Feb-16 09:32:01.414932,10000547,0.1106,0.1072,1,0.1107,3
2016-Feb-16 09:32:01.414948,10000549,0.0077,0.0077,7,0.0078,9
2016-Feb-16 09:32:01.415071,10000550,0.0181,0.0187,10,0.0202,4
2016-Feb-16 09:32:01.415180,10000566,0.0027,0.0026,1,0.0034,6
2016-Feb-16 09:32:01.934789,10000513,0.2583,0.2463,6,0.2581,6
2016-Feb-16 09:32:01.934826,10000520,0.0023,0.0023,6,0.0029,3
2016-Feb-16 09:32:01.934843,10000521,0.1393,0.1502,5,0.157,1
2016-Feb-16 09:32:01.934875,10000528,0.113,0.1086,10,0.1102,1
2016-Feb-16 09:32:01.934924,10000533,0.0242,0.0227,8,0.0242,10
2016-Feb-16 09:32:01.934944,10000534,0.069,0.0691,10,0.071,7
2016-Feb-16 09:32:01.934960,10000539,0.043,0.043,7,0.0433,10
2016-Feb-16 09:32:01.934976,10000540,0.0406,0.04,21,0.0406,8
2016-Feb-16 09:32:01.935104,10000547,0.1106,0.1072,1,0.1108,2
2016-Feb-16 09:32:01.935127,10000548,0.072,0.0685,2,0.0733,20
2016-Feb-16 09:32:01.935142,10000549,0.0077,0.0077,7,0.0078,9
2016-Feb-16 09:32:01.935212,10000566,0.0027,0.0026,1,0.0034,6
2016-Feb-16 09:32:02.420733,10000499,0.0003,0.0002,90,0.0004,60
2016-Feb-16 09:32:02.420764,10000507,0.0004,0.0004,81,0.0007,20
2016-Feb-16 09:32:02.420810,10000511,0.0015,0.0011,4,0.0014,10
2016-Feb-16 09:32:02.420840,10000512,0.0008,0.0006,10,0.0008,20
2016-Feb-16 09:32:02.420856,10000520,0.0023,0.0023,6,0.0029,3
2016-Feb-16 09:32:02.420893,10000521,0.1393,0.1502,5,0.157,1
2016-Feb-16 09:32:02.420938,10000528,0.113,0.1086,10,0.1102,1
2016-Feb-16 09:32:02.420956,10000533,0.0242,0.0227,8,0.024,3
2016-Feb-16 09:32:02.420978,10000534,0.069,0.0691,10,0.0709,1
2016-Feb-16 09:32:02.420997,10000539,0.043,0.0412,7,0.0433,10
2016-Feb-16 09:32:02.421039,10000547,0.1106,0.1072,1,0.1108,2
2016-Feb-16 09:32:02.421078,10000548,0.072,0.0685,2,0.0733,20
2016-Feb-16 09:32:02.969035,10000507,0.0004,0.0004,81,0.0007,20
2016-Feb-16 09:32:02.969058,10000512,0.0008,0.0006,10,0.0008,20
2016-Feb-16 09:32:02.969072,10000520,0.0023,0.0023,6,0.0029,3
2016-Feb-16 09:32:02.969093,10000528,0.113,0.1086,10,0.1102,1
2016-Feb-16 09:32:02.969122,10000533,0.0242,0.0227,8,0.024,3
2016-Feb-16 09:32:02.969138,10000534,0.0709,0.0691,10,0.071,7
2016-Feb-16 09:32:02.969153,10000539,0.043,0.0412,17,0.0433,10
2016-Feb-16 09:32:02.969191,10000540,0.0406,0.04,21,0.0406,8
2016-Feb-16 09:32:02.969211,10000547,0.1106,0.1072,1,0.1108,2
2016-Feb-16 09:32:02.969228,10000548,0.072,0.0685,2,0.0733,10
2016-Feb-16 09:32:02.969243,10000550,0.0184,0.0184,9,0.0202,4
2016-Feb-16 09:32:03.441776,10000497,0.0004,0.0002,48,0.0004,30
2016-Feb-16 09:32:03.441820,10000498,0.0004,0.0002,50,0.0004,30
2016-Feb-16 09:32:03.441877,10000499,0.0003,0.0002,90,0.0004,60
2016-Feb-16 09:32:03.441923,10000500,0.0003,0.0002,133,0.0004,40
2016-Feb-16 09:32:03.441953,10000501,0.0003,0.0002,240,0.0003,31
2016-Feb-16 09:32:03.441975,10000507,0.0004,0.0004,81,0.0007,20
2016-Feb-16 09:32:03.441992,10000508,0.0004,0.0003,20,0.0005,40
2016-Feb-16 09:32:03.442008,10000511,0.0015,0.0011,4,0.0014,10
2016-Feb-16 09:32:03.442025,10000512,0.0008,0.0006,10,0.0008,20
2016-Feb-16 09:32:03.442054,10000519,0.0061,0.0059,15,0.0072,1
2016-Feb-16 09:32:03.442530,10000520,0.0023,0.0023,6,0.0029,3
2016-Feb-16 09:32:03.442554,10000527,0.0112,0.011,3,0.0117,1
2016-Feb-16 09:32:03.442582,10000533,0.0242,0.0227,8,0.024,3
2016-Feb-16 09:32:03.442607,10000534,0.0709,0.0709,1,0.071,7
2016-Feb-16 09:32:03.442632,10000539,0.043,0.0412,7,0.0433,10
2016-Feb-16 09:32:03.442650,10000540,0.0406,0.04,21,0.0406,8
2016-Feb-16 09:32:03.442679,10000548,0.072,0.0688,7,0.0733,10
2016-Feb-16 09:32:03.442695,10000550,0.0184,0.0184,10,0.0202,4
2016-Feb-16 09:32:03.946940,10000501,0.0003,0.0002,250,0.0003,31
2016-Feb-16 09:32:03.946969,10000514,0.3099,0.2803,1,0.383,1
2016-Feb-16 09:32:03.947019,10000527,0.0112,0.011,3,0.0116,3
2016-Feb-16 09:32:03.947067,10000533,0.0243,0.0242,30,0.0243,4
2016-Feb-16 09:32:03.947107,10000534,0.0709,0.0691,10,0.0707,30
2016-Feb-16 09:32:03.947230,10000539,0.043,0.0412,7,0.0433,10
2016-Feb-16 09:32:03.947264,10000540,0.04,0.04,11,0.0406,8
2016-Feb-16 09:32:03.947304,10000550,0.0184,0.0182,10,0.0202,4
2016-Feb-16 09:32:03.947475,10000565,0.1547,0.155,11,0.1575,1
2016-Feb-16 09:32:04.992453,510050,1.955,1.955,131000,1.958,75400
2016-Feb-16 09:32:04.994066,10000497,0.0004,0.0002,48,0.0004,30
2016-Feb-16 09:32:04.994094,10000511,0.0015,0.0011,4,0.0014,10
2016-Feb-16 09:32:04.994130,10000527,0.0112,0.011,3,0.0111,3
2016-Feb-16 09:32:04.994181,10000533,0.0242,0.0242,29,0.0244,1
2016-Feb-16 09:32:04.994215,10000534,0.0709,0.0691,10,0.0707,30
2016-Feb-16 09:32:04.994244,10000539,0.043,0.0412,7,0.0433,10
2016-Feb-16 09:32:04.994304,10000540,0.04,0.04,10,0.0406,8
2016-Feb-16 09:32:04.994339,10000548,0.072,0.0699,1,0.0733,10
2016-Feb-16 09:32:04.994376,10000550,0.0184,0.018,50,0.0202,4
2016-Feb-16 09:32:04.994400,10000565,0.1547,0.155,11,0.1567,2
2016-Feb-16 09:32:05.378269,10000499,0.0003,0.0002,100,0.0004,60
2016-Feb-16 09:32:05.378328,10000527,0.011,0.0111,3,0.0116,3
2016-Feb-16 09:32:05.378435,10000533,0.0242,0.0242,24,0.0244,1
2016-Feb-16 09:32:05.378499,10000534,0.0709,0.0691,10,0.0707,30
2016-Feb-16 09:32:05.378574,10000539,0.043,0.0412,7,0.0428,1
2016-Feb-16 09:32:05.378609,10000550,0.0184,0.018,40,0.0202,4
2016-Feb-16 09:32:05.378649,10000565,0.1547,0.155,11,0.1567,2
2016-Feb-16 09:32:05.897966,10000513,0.2583,0.2455,1,0.2581,6
2016-Feb-16 09:32:05.897993,10000519,0.0061,0.0059,15,0.0072,1
2016-Feb-16 09:32:05.898023,10000520,0.0023,0.0022,4,0.0029,3
2016-Feb-16 09:32:05.898054,10000521,0.1393,0.1502,5,0.157,1
2016-Feb-16 09:32:05.898094,10000527,0.011,0.0111,3,0.0116,3
2016-Feb-16 09:32:05.898114,10000528,0.113,0.1086,10,0.1102,1
2016-Feb-16 09:32:05.898176,10000533,0.0242,0.0242,23,0.0244,1
2016-Feb-16 09:32:05.898199,10000547,0.1106,0.1072,1,0.1108,2
2016-Feb-16 09:32:05.898401,10000548,0.072,0.0699,1,0.0733,10
2016-Feb-16 09:32:05.898423,10000549,0.0077,0.0077,7,0.0078,9
